% Encoding: UTF-8

@index{weana, name={ƿeana}}

@index{we, name={ðe}}

@index{wenne, name={Ƿenne}}
