% Encoding: UTF-8

@dualindexabbreviation{cbot,
  short={C.~botulinum},
  long={Clostridium botulinum},
  category={bacteria}
}

@dualindexabbreviation{putida,
  short={P.~putida},
  long={Pseudomonas putida},
  category={bacteria}
}
