% Encoding: UTF-8

@indexplural{latin,text={Latin character}}
@indexplural{greek,text={Greek character}}
@indexplural{pictograph}

@symbol{fx,
  name={\ensuremath{f(x)}},
  description={function of $x$},
  identifier={latin}
}

@symbol{f'x,
  name={\ensuremath{f'(x)}},
  description={derivative of \gls{fx}},
  identifier={latin}
}

@symbol{pi,
  name={\ensuremath{\pi}},
  description={ratio of circumference to diameter},
  identifier={greek}
}

@symbol{heart,
  name={\ensuremath{\heartsuit}},
  description={heart},
  identifier={pictograph}
}

@symbol{diamond,
  name={\ensuremath{\diamondsuit}},
  description={diamond},
  identifier={pictograph}
}

@abbreviation{html,
  short={html},
  long={hypertext markup language},
  identifier={markuplanguage}
}

@abbreviation{xml,
  short={xml},
  long={extensible markup language},
  identifier={markuplanguage}
}

@entry{duck,
  name={duck},
  description={a waterbird with webbed feet},
  identifier={animal}
}

@entry{parrot,
  name={parrot},
  description={mainly tropical bird with bright plumage},
  identifier={animal}
}


