% Encoding: UTF-8

@index{duck,
  name = {гусь},
  plural = {гуси}
}

@index{goose,
  name = {попугай},
  plural = {попугаи}
}
