% Encoding: ASCII

@index{goose,
  name = {\cyrg\cyru\cyrs\cyrsftsn},
  plural = {\cyrg\cyru\cyrs\cyri}
}

@index{parrot,
  name = {\cyrp\cyro\cyrp\cyru\cyrg\cyra\cyrishrt},
  plural = {\cyrp\cyro\cyrp\cyru\cyrg\cyra\cyri}
}
