@dualindexabbreviation{ssi,
  short={ssi},
  long={server-side includes}
}

@dualindexabbreviation{html,
  short={html},
  long = {hypertext markup language}
}
