% Encoding: UTF-8

@dualindexentry{array,
  description={ordered list of values}
}

@dualindexentry{vector,
  name={vector},
  description={column or row of values}
}

@dualindexentry{set,
  description={collection of values}
}

@dualindexentry{matrix,
  plural={matrices},
  description={rectangular array of values}
}

