% Encoding: UTF-8

@dualindexsymbol{pi,
  symbol={\ensuremath{\pi}},
  dualdescription={ratio of a circle's circumference to its diameter}
}

@dualindexsymbol{e,
  name={Euler's number},
  symbol={\ensuremath{e}},
  dualdescription={base of the natural logarithm}
}
