@string{ssi={server-side includes}}
@string{html={hypertext markup language}}

@dualabbreviationentry{shtml,
  short="shtml",
  long= ssi # " enabled " # html,
  description={a combination of \gls{html} and \gls{ssi}},
  seealso={html,ssi}
}

@dualabbreviationentry{html,
  short ="html",
  long  = html,
  description={a markup language for creating web pages}
}

@dualabbreviationentry{ssi,
  short="ssi",
  long = ssi,
  description={a simple interpreted server-side scripting language}
}

