@entry{bird,
  name={bird},
  description = {feathered animal}
}

@abbreviation{html,
  short="html",
  long={hypertext markup language}
}

@symbol{v,
  name={$\vec{v}$},
  text={\vec{v}},
  description={a vector}
}

@index{goose,plural="geese"}

