% Encoding: UTF-8

@index{cat,
  translations-pt={gato,gatinho},
  seealso={kitten}
}

@index{kitten,
  translations-pt={gato,gatinho}
}

@index{staple}

@index{rivet}

@index{mat}

@index{carpet}

@index{rug}

@index{tapestry}

@index{doormat}

@index{matting}

@index{coconut-matting,
  name={coconut matting}
}

@index{track}

@index{furrow}
