% Encoding: UTF-8

@dualabbreviation{rna,
  short={RNA},
  dualshort={RNS},
  long={ribonucleic acid},
  duallong={Ribonukleinsäure},
  description={a polymeric molecule},
  user1={Ein polymeres Molekül}
}
