% Encoding: UTF-8

@dualentry{child,
  name={child},
  plural={children},
  description={enfant}
}

@dualentry{cat,
  name={cat},
  description={chat}
}

@dualentry{dog,
  name={dog},
  description={chien}
}

@dualentry{castle,
  name={castle},
  description={château},
  descriptionplural={châteaux}
}

