@abbreviation{html,
  short="html",
  long={hypertext markup language}
}

@abbreviation{ssi,
  short="ssi",
  long="server-side includes"
}

@abbreviation{shtml,
  short="shtml",
  long="\glsps{ssi} enabled \glsps{html}"
}

