% Encoding: UTF-8

@preamble{ "\providecommand{\seealsoname}{see also}" }

@entry{matrix,
  name={matrix},
  plural={matrices},
  description={rectangular array of values, denoted $\gls{M}$},
  see={[\seealsoname]vector,array}
}

@entry{set,
  name={set},
  description={collection of values, denoted \gls{S}}
}

@entry{vector,
  name={vector},
  description={column or row of values, denoted \gls{v}},
  see={[\seealsoname]matrix}
}

@entry{array,
  name={array},
  description={ordered list of values}
}
