% Encoding: UTF-8

@preamble{"\providecommand{\mtx}[1]{\boldsymbol{#1}}"}

@symbol{M,
  name={$\mtx{M}$},
  text={\mtx{M}},
  description={a \gls{ext1.matrix}}
}

@symbol{v,
  name={\ensuremath{\vec{v}}},
  description={a \gls{ext1.vector}}
}

@symbol{S,
  name={\ensuremath{\mathcal{S}}},
  description={a \gls{ext1.set}}
}
