@dualabbreviationentry{svm,
   long={support vector machine},
   short={SVM},
   description = {statistical pattern recognition technique}
}
