% Encoding: UTF-8

@index{gato,
 prefix={o},
 translations-en={cat,staple,rivet}
}

@index{tapete,
  translations-en={carpet,rug,mat,tapestry}
}

@index{esteira,
  prefix={a},
  translations-en={mat,track,matting,furrow}
}

@index{capacho,
  prefix={o},
  translations-en={doormat,matting,mat,coconut-matting}
}
