@entry{animal,
   name={animal},
   description={living being}
}

@entry{vegetable,
   name={vegetable},
   description={plant}
}

@entry{mineral,
   name={mineral},
   description={natural inorganic substance}
}

@entry{bird,
  name={bird},
  description={feathered animal},
  parent={animal}
}

@entry{waterfowl,
  name={waterfowl},
  description={any bird that lives in or about water},
  parent={animal}
}

@entry{zebra,
  name={zebra},
  description={striped African horse},
  parent={animal}
}

@entry{cabbage,
  name={cabbage},
  description={vegetable with thick green or purple leaves},
  parent={vegetable}
}

@entry{broccoli,
  name={broccoli},
  description={vegetable with heads of small green or purple flower buds},
  parent={vegetable}
}

@entry{corundum,
  name={corundum},
  description={crystalline form of aluminium oxide},
  parent={mineral}
}

@entry{quartz,
  name={quartz},
  description={hard mineral consisting of silica},
  parent={mineral}
}

@entry{parrot,
  name={parrot},
  description={mainly tropical bird with bright plumage},
  parent={animal}
}

@entry{parent1,
  name={sample parent},
  description={an example}
}

@entry{parent2,
  name={sample parent},
  description={another example}
}

@entry{child1a,
  parent={parent1},
  name={a child},
  description={an example child}
}

@entry{child1b,
  parent={parent1},
  name={the child},
  description={the example child}
}

@entry{child2a,
  parent={parent2},
  name={child a},
  description={an example child a}
}

@entry{child2b,
  parent={parent2},
  name={z child},
  description={the example child z}
}

