% Encoding: UTF-8

@indexplural{goose,
  plural = {geese}
}

@indexplural{duck}

@indexplural{chateau,
  text = {ch\^ateau},
  plural = {ch\^ateaux}
}
