@preamble{"\providecommand{\strong}[1]{\textbf{\color{red}#1}}"}
