% Encoding: UTF-8

@preamble{"\providecommand{\sortop}[2]{#2, #1}"}

@entry{caesar,
  name={\sortop{Gaius Julius}{Caesar}},
  first={Julius Caesar},
  text={Caesar},
  description={Roman politician and general},
  user1={13 July 100 BC},
  user2={15 March 44 BC}
}

@entry{wellington,
  name={\sortop{Arthur}{Wellesley}, 1st Duke of Wellington},
  first={Arthur Wellesley (Duke of Wellington)},
  text={Wellington},
  description={Anglo-Irish soldier and statesman},
  user1={1 May 1769 AD},
  user2={14 September 1852 AD}
}

@entry{bonaparte,
  name={\sortop{Napoleon}{Bonaparte}},
  description={French military and political leader},
  user1={15 July 1769 AD},
  user2={5 May 1821 AD}
}

@entry{alexander,
  name={Alexander III of Macedon (Alexander the Great)},
  description={Ancient Greek king of Macedon},
  user1={20 July 356 BC},
  user2={10 June 323 BC}
}
