@preamble{"\providecommand{\test}[2]{#2 (#1)}"}

@index{example,
  name={\strong{\test{stuff}{example}}}
}

@index{sample}
@index{test}
@index{foo}
@index{bar}
