@preamble{"\def\test{b test}"}

@index{xr2,
  name={\test\ 2},
  see={ext1.xr1}
}
