% Encoding: UTF-8

@index{CH2O,
  name={\ce{CH2O}}
}

@index{C10H10O4,
  name={\ce{C10H10O4}}
}

@index{C5H4NCOOH,
  name={\ce{C5H4NCOOH}}
}

@index{CO,
  name={\ce{CO}}
}

@index{Cl,
  name={\ce{Cl}}
}

@index{Co,
  name={\ce{Co}}
}

@index{Co2O3,
  name={\ce{Co2O3}}
}

@index{CoMoO4,
  name={\ce{CoMoO4}}
}

@index{CoCl2,
  name={\ce{CoCl2}}
}

@index{Co2,
  name={\ce{Co2}}
}

@index{CO2,
  name={\ce{CO2}}
}

