% Encoding: UTF-8

@indexplural{stylesheet,
  text={stylesheet language}
}

@index{webdesign,
  name={web design}
}

@indexplural{markup,
  text={markup language}
}

@spawnabbreviation{xml,
  short={XML},
  long={extensible markup language},
  adoptparents={markup}
}

@spawnabbreviation{css,
  short={CSS},
  long={cascading stylesheet},
  adoptparents={stylesheet,webdesign}
}

@spawnabbreviation{html,
  short={HTML},
  long={hypertext markup language},
  adoptparents={markup,webdesign}
}

@spawnabbreviation{xsl,
  short={XSL},
  long={extensible stylesheet language},
  adoptparents={stylesheet}
}

