@preamble{"\def\test{a test}"}

@index{xr1,
  name={\test\ 1},
  see={ext1.xr2}
}
