% Encoding: UTF-8

@entry{124200,
 name={12:42:00},
 description={12:42},
 symbol={12:42pm},
}

@entry{065932,
 name={06:59:32},
 description={6:59},
 symbol={6:59am},
}

@entry{172902,
 name={17:29:02},
 description={17:29},
 symbol={5:29pm},
}

