% Encoding: UTF-8

@index{sample1,
  name={\AA ngstr\"om, d'Vere, and Fotheringay-Smythe}
}

