% Encoding: UTF-8

@symbol{pi,
  name={{}$\pi$},
  text={\pi},
  description={pi}
}

@symbol{nabla,
  name={{}$\nabla$},
  text={\nabla},
  description={nabla}
}

@number{tenth,
  name={0.1},
  description={one tenth}
}

@number{zero,
  name={0},
  description={zero}
}

@number{one,
  name={1},
  description={one}
}

@number{ten,
  name={10},
  description={ten}
}

@number{hundred,
  name={100},
  description={one hundred}
}

@entry{matrix,
  name={matrix},
  plural={matrices},
  description={rectangular array of values}
}

@entry{set,
  name={set},
  description={collection of values}
}

@entry{vector,
  name={vector},
  description={column or row of values}
}

@entry{array,
  name={array},
  description={ordered list of values}
}

