% Encoding: UTF-8

@entry{20170111,
 name={2017-01-11},
 description={11 January 2017},
 symbol={11 Jan 2017},
 user1={11/1/2017},
 user2={11/1/17},
 user3={1/11/2017},
 user4={1/11/17},
 user5={11 January 2017 AD}
}

@entry{20160421,
 name={2016-04-21},
 description={21 April 2016},
 symbol={21 Apr 2016},
 user1={21/4/2016},
 user2={21/4/16},
 user3={4/21/2016},
 user4={4/21/16},
 user5={21 April 2016 AD}
}

@entry{20170110,
 name={2017-01-10},
 description={10 January 2017},
 symbol={10 Jan 2017},
 user1={10/1/2017},
 user2={10/1/17},
 user3={1/10/2017},
 user4={1/10/17},
 user5={10 January 2017 AD}
}

@entry{20170201,
 name={2017-02-01},
 description={1 February 2017},
 symbol={1 Feb 2017},
 user1={1/2/2017},
 user2={1/2/17},
 user3={2/1/2017},
 user4={2/1/17},
 user5={1 February 2017 AD}
}

@entry{20170212,
 name={2017-02-12},
 description={12 February 2017},
 symbol={12 Feb 2017},
 user1={12/2/2017},
 user2={12/2/17},
 user3={2/12/2017},
 user4={2/12/17},
 user5={12 February 2017 AD}
}

@entry{19690426,
 name={1969-04-26},
 description={26 April 1969},
 symbol={26 Apr 1969},
 user1={26/4/1969},
 user2={26/4/69},
 user3={4/26/1969},
 user4={4/26/69},
 user5={26 April 1969 AD}
}

