% Encoding: UTF-8

@index{ijs}
@index{ijskoud}
@index{dijk}
@index{eend}
@index{papegaai}
@index{ikon}
@index{jambisch}
@index{iconisch}
