@entry{sauthor,
  name={/Author},
  description = {author string}
}

@entry{stitle,
  name={/Title},
  description = {title string}
}

@entry{ten,
  name={10},
  description={ten}
}

@entry{onepointfive,
  name={1.5},
  description={one point five}
}

@entry{onepointsevenfive,
  name={1.75},
  description={one point seven five}
}

@entry{one,
  name={1},
  description={one}
}

