@index{aardvark}
@index{mouse}
@index{zebra}
@index{freshwater}
@index{animal}
@dualindexentry{antelope,
  description={deer-like \idx!{animal} with upward horns}
}
@dualindexentry{zander,
  description={large \dgls{freshwater} perch}}
@dualindexabbreviation{xml,
 short={XML},
 long={extensible markup language}
}
@tertiaryindexabbreviationentry{ssi,
  short={SSI},
  long={server-side includes},
  description={directives placed in \glsxtrshort{dual.html} pages
evaluated by the server}
}
@dualindexabbreviation{html,
 short={HTML},
 long={hypertext markup language}
}
@tertiaryindexabbreviationentry{css,
 short={CSS},
 long={cascading stylesheets},
 description={a language that describes the style of an
  \glsxtrshort{dual.html} document}
}
