@index{numberlist,
 name={number list},
 alias={locationlist}
}

@index{locationlist,
 name={location list},
 description={list of locations}
}
