@index{elite,name={\'{e}lite}}

@index{elephant}

@index{attache,name={attach\'e}}

@index{aethereal,name={\ae thereal}}

@index{ant}

@index{ANT}

@index{aent,name={\ae nt}}

@index{aent}

@index{Isholsvtan,name={\'{I}sh\'{o}lsvatn}}

@index{Arneslon,name={\'{A}rnesl\'{o}n}}

@index{Graenavatn,name={Gr\ae navatn}}

@index{Masvatn,name={M\'{a}svatn}}

@index{Anavatn,name={\'{A}navatn}}

@index{Ulfsvatn,name={\'{U}lfsvatn}}

@index{Olvesvatn,name={\"{O}lvesvatn}}

@index{Swidnica,name={\'{S}widnica}}

@index{Scinawa,name={\'{S}cinawa}}

@index{Cmielow,name={\'{C}miel\'{o}w}}

@index{Glasgow}

@index{Glogow,name={G\l og\'{o}w}}

@index{Lobez,name={\L obez}}

@index{Zelechow,name={\.{Z}elech\'{o}w}}

@index{Zory,name={\.{Z}ory}}

@index{Swietokrzyskie,name={\'{S}wi\k{e}tokrzyskie}}

@index{Lodz,name={\L\'od\'z}}

@index{Bad-Gottleuba-Berggieshube,
 name={Bad Gottleuba-Berggie\ss h\"ube}
}

@index{Asslar,name={A\ss lar}}

@index{Olstykke-Stenlose,name={\O lstykke-Stenl\o se}}

@index{Naestved,name={N\ae stved}}

@index{Rodovre,name={R\o dovre}}

@index{Tarnby,name={T\r{a}rnby}}

@index{Oresund,name={\O resund}}

@index{Angelholm,name={\"{A}ngelholm}}

@index{Ostergotland,name={\"{O}sterg\"{o}tland}}

@index{Angstrom,name={\r{A}ngstr\"{o}m}}

@index{resume}

@index{resumee,name={r\'esum\'e}}

@index{alphabet}

@index{zoo}

@index{Attleborough}

@index{sea}
@index{seal}
@index{sealion,name={sea lion}}
@index{sealant}
@index{seagull}
@index{seadog,name={sea dog}}
@index{seacow,name={sea cow}}
@index{seabird,name={sea bird}}
@index{seabass,name={sea bass}}
@index{seabed}
@index{seafood}

@index{animal}
@index{animal:ant,parent={animal},name={ant}}
@index{animal:elephant,parent={animal},name={elephant}}
@index{animal:seagull,parent={animal},name={seagull}}

@index{sea:bass,parent={sea},name={bass}}
@index{sea:bird,parent={sea},name={bird}}
@index{sea:lion,parent={sea},name={lion}}
