% Encoding: UTF-8

@index{antelope}
@index{bee}
@index{Africa}
@index{aardvark}
@index{Brazil}
