% Encoding: UTF-8

@index{Smith}

@person{John-Smith,
  parent={Smith},
  forename={John}
}

@index{de-Vere, name={de Vere}}

@person{Jane-de-Vere,
  parent = {de-Vere},
  forename = {Jane},
  rank = {Admiral}
}

@index{Duck}

@person{Sir-Quackalot,
  parent={Duck},
  forename = {Quackalot},
  title = {Sir},
  nickname = {the Rubber Duck}
}

@person{Dickie-Duck,
  parent={Duck},
  forename = {Dickie},
  rank = {Colonel},
  note = {author of Duck and Goose}
}

@person{Férnando-Duck,
  parent={Duck},
  forename = {Férnando},
  rank = {Lord of the Top Hats},
  nickname = {o Pato que usa Chapéu}
}

@index{Zebra}

@person{Zoe-Zebra,
  parent={Zebra},
  forename={Zoe},
  note = {inventor of the mind-controlling cookies}
}
