% Encoding: UTF-8

@index{élite}

@index{elephant}

@index{attaché}

@index{æthereal}

@index{ant}

@index{ANT}

@index{ænt}

@index{aent}

@index{Íshólsvatn}

@index{Árneslón}

@index{Grænavatn}

@index{Sigríðarstaðavatn}

@index{Þríhyrningsvatn}

@index{Másvatn}

@index{Ánavatn}

@index{Úlfsvatn}

@index{Ölvesvatn}

@index{Świdnica}

@index{Ścinawa}

@index{Ćmielów}

@index{Glasgow}

@index{Głogów}

@index{Łobez}

@index{Żelechów}

@index{Żory}

@index{Świętokrzyskie}

@index{Łódź}

@index{Bad-Gottleuba-Berggießhübe,
 name={Bad Gottleuba-Berggießhübe}
}

@index{Aßlar}

@index{Ølstykke-Stenløse}

@index{Næstved}

@index{Rødovre}

@index{Tårnby}

@index{Øresund}

@index{Ängelholm}

@index{Östergötland}

@index{Ångström}

@index{resume}

@index{résumé}

@index{alphabet}

@index{zoo}

@index{Attleborough}

@index{sea}
@index{seal}
@index{sealion,name={sea lion}}
@index{sealant}
@index{seagull}
@index{seadog,name={sea dog}}
@index{seacow,name={sea cow}}
@index{seabird,name={sea bird}}
@index{seabass,name={sea bass}}
@index{seabed}
@index{seafood}

@index{animal}
@index{animal:ant,parent={animal},name={ant}}
@index{animal:elephant,parent={animal},name={elephant}}
@index{animal:seagull,parent={animal},name={seagull}}

@index{sea:bass,parent={sea},name={bass}}
@index{sea:bird,parent={sea},name={bird}}
@index{sea:lion,parent={sea},name={lion}}
