@preamble{"\providecommand{\Harbour}{\char"2693}
\providecommand{\Battlefield}{\char"2694}
\providecommand{\Stadium}{\char"26BD}"}

@symbol{harbour,
  name={\Harbour},
  description={harbour}
}

@symbol{battlefield,
  name={\Battlefield},
  description={battlefield}
}

@symbol{stadium,
  name={\Stadium},
  description={stadium}
}

