%@preamble{"\providecommand{\bibglsflattenedchildpresort}[2]{#1 (#2)}"}

@indexplural{bird}
@index{duck,parent={bird}}
@index{goose,plural={geese},parent={bird}}
@index{swan,parent={bird}}
@index{chicken,parent={bird}}

@indexplural{vegetable}
@index{cabbage,parent={vegetable}}

@indexplural{mineral}
@index{quartz,parent={mineral}}
@index{corundum,parent={mineral}}
@index{amethyst,parent={mineral}}
@index{gypsum,parent={mineral}}

@index{aardvark}
@index{bard}
@index{buzz}

@index{item}
@index{subitem,parent={item}}
@index{subsubitem,parent={subitem}}

@index{parentid,name={parent name}}
@entry{child,parent={parentid},description={an example}}
