% Encoding: UTF-8

@string{samplestr = "SAMPLE STRING"}

@Comment{jabref-meta: databaseType:bib2gls;}

@entry{sample,
  name={sample},
  description="An example entry " # samplestr
}

@abbreviation{html,
  short="html",
  long={hypertext markup language}
}

@abbreviation{ssi,
  short="ssi",
  long="server-side includes"
}

@index{duck}

@index{goose,plural="geese"}

@entry{bird,
  name={bird},
  description = {feathered animal, such as
  a~\gls[format=hyperbf]{duck} (hyperbf) or \gls {goose}}
}

@symbol{pi,
  name="{}\ensuremath{\pi}"
}

@entry{waterfowl,
  name={waterfowl},
  description={Any bird that lives in or about water, 
               such as a \glsname{duck} or \glsname{goose}},
  see={[see also]{bird}}
}
