@entry{sample1,
 name={sample 1},
 description={an example},
 seealso={sample4}
}

@entry{sample2,
 name={sample 2},description={an example},
 see={sample1}
}

@entry{sample3,
 name={sample 3},
 description={an example},
 see={sample2}
}

@entry{sample4,
 name={sample 4},
 description={an example},
 seealso={sample2,sample3}
}

