% Encoding: UTF-8

@dualentry{sample,
  name={sample},
  description={primary sample description},
  dualdescription={dual sample description},
  user1={another}
}

@index{another,
  name={another example}
}
