% Encoding: UTF-8

@number{pi,
  name={\ensuremath{\pi}},
  description={the ratio of the length of the circumference
    of a circle to its diameter},
  user1={3.14159}
}

@number{e,
  name={\ensuremath{e}},
  description={base of natural logarithms},
  user1={2.71828}
}

@number{root2,
  name={\ensuremath{\surd2}},
  description={the square root of 2},
  user1={1.41421}
}

@symbol{fx,
  name={\ensuremath{f(x)}},
  description={a function of $x$}
}

@symbol{gx,
  name={\ensuremath{g(x)}},
  description={another function of $x$}
}

@symbol{lambda,
  name={\ensuremath{\lambda}},
  description={eigenvalue}
}

@symbol{v,
  name={\ensuremath{\vec{v}}},
  description={a vector}
}

@pictograph{suit-heart,
  name={\ensuremath{\heartsuit}},
  description={heart}
}

@pictograph{suit-diamond,
  name={\ensuremath{\diamondsuit}},
  description={diamond}
}

@pictograph{suit-club,
  name={\ensuremath{\clubsuit}},
  description={club}
}

@pictograph{suit-spade,
  name={\ensuremath{\spadesuit}},
  description={spade}
}

@abbreviation{html,
  short={HTML},
  long={hypertext markup language}
}

@abbreviation{xml,
  short={XML},
  long={extensible markup language}
}

@acronym{sql,
  short={SQL},
  long={structured query language}
}

@index{animal}

@entry{duck,
  name={duck},
  description={waterbird with webbed feet},
  parent={animal}
}

@entry{parrot,
  name={parrot},
  description={mainly tropical bird with bright plumage},
  parent={animal}
}

@unit{ampere,
  name={ampere},
  symbol={\si{\ampere}},
  description={electric current}
}

@unit{kilogram,
  name={kilogram},
  symbol={\si{\kilogram}},
  description={mass}
}

@unit{mole,
  name={mole},
  symbol={\si{\mole}},
  description={amount of substance}
}

@unit{ohm,
  name={ohm},
  symbol={\si{\ohm}},
  description={electrical resistance}
}

@obelism{stet,
  name={stet},
  description={let it stand}
}
