% Encoding: UTF-8

@index{AAAGH}
@index{aetherial}
@index{ant}
@index{aardvark}
@index{llama}
@index{llan}
@index{land}
@index{lung}
@index{ijsvrij}
@index{ibid}
@index{into}
@index{dzwon}
@index{dz√©ta}
@index{ddisgynedig}
@index{ddyrchafedig}
@index{dog}
@index{date}
@index{church}
@index{chalk}
@index{cat}
@index{climb}
@index{ffotograff}
@index{fan}
@index{fog}
