% Encoding: UTF-8
@preamble{"\providecommand{\csfmt}[1]{\glsbackslash #1}"}

@index{relax,name={\csfmt{relax}}}
@index{comment,name={\% comment}}
@index{sample}
