% Encoding: UTF-8

@entry{20170111T124200,
 name={2017-01-11 12:42:00},
 description={11 January 2017 12:42},
 symbol={11 Jan 2017 12:42},
 user1={11/1/2017 12:42},
 user2={11/1/17 12:42},
 user3={1/11/2017 12:42},
 user4={1/11/17 12:42},
 user5={11 January 2017 AD 12:42}
}

@entry{20160421T065932,
 name={2016-04-21 06:59:32},
 description={21 April 2016 6:59},
 symbol={21 Apr 2016 6:59},
 user1={21/4/2016 6:59},
 user2={21/4/16 6:59},
 user3={4/21/2016 6:59},
 user4={4/21/16 6:59},
 user5={21 April 2016 AD 6:59:32}
}

@entry{20160421T172902,
 name={2016-04-21 17:29:02},
 description={21 April 2016 5:29pm},
 symbol={21 Apr 2016 5:29pm},
 user1={21/4/2016 17:29},
 user2={21/4/16 17:29},
 user3={4/21/2016 17:29},
 user4={4/21/16 17:29},
 user5={21 April 2016 AD 17:29:02}
}

