% Encoding: UTF-8

@preamble{"\providecommand{\abc}{abc}"}

@index{6foo,name={\abc 6foo}}
@index{12foo,name={\abc 12foo}}
@index{1foo,name={\abc 1foo}}
@index{-foo,name={\abc -1foo}}
@index{-12foo,name={\abc -12foo}}
@index{+10foo,name={\abc +10foo}}
@index{xyfoo,name={\abc xyfoo}}
@index{Xyfoo,name={\abc Xyfoo}}
@index{afoo,name={\abc afoo}}
@index{Afoo,name={\abc Afoo}}
@index{abcSPfoo,name={\abc\space foo},description={(space foo)}}
@index{abcSP11foo,name={\abc\space 11foo},description={(space 11)}}
@index{abcSP11foosp,name={\abc\space ¹¹foo},description={(space 11)}}
@index{abcSP8foodev,name={\abc\space ८foo},description={(space 8)}}
@index{abc4foodev,name={\abc ४foo},description={(4)}}
@index{.foo,name={\abc .foo}}
@index{@foo,name={\abc @foo}}
