@index{duck}
@index{zebra}
@index{aardvark}

