% Encoding: UTF-8
@entry{sample1,
  name={sample1\index{sample1|textbf}},
  text={sample1\index{sample1}}
}

@entry{sample2,
  name={sample2\index{sample2|textbf}},
  text={sample2\index{sample2}}
}
