% Encoding: UTF-8

@dualentry{cat, 
  name={cat},
  prefix={a},
  prefixplural={the},
  description={chat},
  dualprefix={le},
  dualprefixplural={les}
}

@dualentry{eye,
  name={eye},
  prefix={an},
  prefixplural={the},
  description={oeil},
  descriptionplural={yeux},
  dualprefix={l'},
  dualprefixplural={les}
}

@dualentry{house,
  name={house},
  prefix={a},
  prefixplural={the},
  description={maison},
  dualprefix={la},
  dualprefixplural={les}
}

@dualentry{hour,
  name={hour},
  prefix={an},
  prefixplural={the},
  description={heure},
  dualprefix={une},
  dualprefixplural={des}
}
