@index{pagelist,
  name={page list},
  description={a list of individual pages or page ranges}
}

@index{glossary, plural={glossaries}}

@entry{glossarylist,
  parent={glossary},
  description={list of technical words}
}

@entry{glosscol,
  parent={glossary},
  description={collection of glosses}
}

@index{bravo}

@entry{bravocry,
  parent={bravo},
  description = {cry of approval}
}

@entry{bravoruffian,
  parent = {bravo},
  plural = {bravoes},
  description = {hired ruffian or killer}
}

