% Encoding: UTF-8
@entry{sample1,
  name={sample1},
  description={an example}
}

@entry{sample2,
  name={sample2},
  description={an example that references \gls{sample1}}
}
