% Encoding: UTF-8

@index{12345,name={1,234.5},category={number}}
@index{123456,name={12,345.6},category={number}}
@index{456,name={4.56},category={number}}
@index{-3456,name={-34.56},category={number}}
@index{123,name={123},category={number}}

@index{cur12345,name={£1,234.5},category={currency}}
@index{cur123456,name={£12,345.6},category={currency}}
@index{cur456,name={£4.56},category={currency}}
@index{cur-3456,name={-£34.56},category={currency}}
@index{cur123,name={£123},category={currency}}
