@index{caterpillar}
@index{bee}
@index{wombat}

