@dualentry{squareroot,
  name={\cjkname{ルート}},
  description={square root}
}
