% Encoding: UTF-8

@index{resume}

@index{RESUME}

@index{resumee,
 name={résumé}}

@index{RESUMEE,
 name={RÉSUMÉ}}

@index{rat}

@index{rot}

@index{aardvark}

@index{zoo}

@index{cafe}

@index{cafee,
 name={caf\'e}}

@index{CAFE}

@index{CAFEE,
 name={CAF\'E}}
