% Encoding: UTF-8

@symbol{+,name={+},description={plus}}
@symbol{-,name={-},description={minus}}
@symbol{/,name={\slash},description={slash}}

@index{mathematical}
@indexplural{mathematical-expression,
 text={expression},
 parent={mathematical}
}
@indexplural{mathematical-function,
 text={function},
 parent={mathematical}
}
@indexplural{function,see={mathematical-function}}
@indexplural{expression,see={mathematical-expression}}
@compoundset{math-exp,elements={mathematical,mathematical-expression}}
@compoundset{math-fn,elements={mathematical,mathematical-function}}
