% Encoding: UTF-8

@dualindexnumber{pi,
  name={pi},
  symbol={\ensuremath{\pi}},
  description={the ratio of the length of the circumference
    of a circle to its diameter},
  user1={3.14159}
}

@dualindexnumber{e,
  name={Euler's number},
  symbol={\ensuremath{e}},
  description={base of natural logarithms},
  user1={2.71828}
}

@dualindexnumber{root2,
  name={Pythagoras' constant},
  symbol={\ensuremath{\surd2}},
  description={the square root of 2},
  user1={1.41421}
}

@dualindexsymbol{ampere,
  name={ampere},
  symbol={\si{\ampere}},
  description={electric current}
}

@dualindexsymbol{kilogram,
  name={kilogram},
  symbol={\si{\kilogram}},
  description={mass}
}

@dualindexsymbol{ohm,
  name={ohm},
  symbol={\si{\ohm}},
  description={electrical resistance}
}

@dualindexabbreviation{xml,
  short={XML},
  long={extensible markup language}
}

@dualindexabbreviation{html,
  short={HTML},
  long={hypertext markup language}
}
