% Encoding: UTF-8

@index{12345,name={1234.5}}
@index{123456,name={12345.6}}
@index{456,name={4.56}}
@index{-3456,name={-34.56}}
@index{123,name={123}}
