% Encoding: UTF-8

@entry{run,
  description={move fast using legs}
}

@entry{sprint,
 description={run at full speed over short distance},
 seealso={run}}

@entry{dash,
 description={run in a great hurry},
 seealso={sprint}}
