% Encoding: UTF-8

@index{pumpkin}

@index{cucumber}

@index{melon}

@index{gourd,
  see = {pumpkin,cucumber,melon}
}

@index{cucurbit, see={gourd}}

@index{courgette}

@index{marrow, seealso={courgette}}

@index{zucchini, alias = {courgette}}

@index{broccoli}

@index{cauliflower, seealso={broccoli}}

