% Encoding: UTF-8

@index{bird}

@index{waterfowl,
  parent={bird}
}

@index{duck,
  parent={waterfowl},
  seealso={swan,parrot,goose}
}

@index{swan,
  parent={waterfowl},
  seealso={goose,duck}
}

@index{goose,
 parent={waterfowl},
 seealso={duck}
}

@index{parrot,
 parent={bird}
}

@index{duckling,
 see={[related terms]fluffy,duck}
}

@index{fluffy}
