% Encoding: UTF-8

@index{cat, prefix={a}, prefixplural={the}}

@index{eye, prefix={an}, prefixplural={the}}

@index{house, prefix={a}, prefixplural={the}}

@index{hour, prefix={an}, prefixplural={the}}

@index{chat,
  prefix={le},
  prefixplural={les}
}

@index{maison,
  prefix={la},
  prefixplural={les}
}

@index{oeil,
  name={oeil},
  plural={yeux},
  prefix={l'},
  prefixplural={les}
}

@index{heure,
  prefix={une},
  prefixplural={des}
}
