% Encoding: UTF-8

@abbreviation{clostridium,
 short={C.},
 long={Clostridium},
 identifier={genus}
}

@index{botulinum,
  identifier={species},
  genus={clostridium}
}

@index{perfringens,
  identifier={species},
  genus={clostridium}
}

@index{tetani,
  identifier={species},
  genus={clostridium}
}

@index{botox,other={cbot}}

@compoundset{cbot,
 elements={clostridium,botulinum}}

@compoundset{cperf,
 elements={clostridium,perfringens}}

@compoundset{ctet, 
 elements={clostridium,tetani},
 options={textformat=textbf}
}

