% Encoding: ASCII

@index{aardvark}

@index{antelope}

@index{hypant,
  name={-ant}
}

@index{hyphyp,
  name={--}
}

@index{Angelholm,
  name={{\"A}ngelholm}
}

@index{Anavatn,
 name={{\'A}navatn}
}

@index{Attleborough}

@index{zoo}

@index{Zeebrugge}

@index{elite,
 name={{\'e}lite}
}

@index{elephant}
