% Encoding: UTF-8

@index{gourd}
@index{pumpkin,see={gourd}}
@index{cucumber,see={gourd}}
@index{melon,see={gourd}}

@index{marrow}
@index{courgette,seealso={marrow}}

@index{zucchini,alias={courgette}}
