% Encoding: UTF-8

@symbol{fullstop,name={.}}
@symbol{comma,name={,}}
@symbol{at,name={@}}

@indexplural{animal}

@index{sea}
@index{seal}
@index{sealion,name={sea lion}}
