% Encoding: UTF-8

@symbol{flower,
  name={{}\ding{83}},
  description={flower punctuation mark}
}

@symbol{no,
  name={{}\ding{55}},
  description={ballot x}
}

@symbol{yes,
  name={{}\ding{51}},
  description={check mark}
}

@symbol{maltese,
  name={{}\ding{64}},
  description={Maltese cross}
}

@symbol{starofdavid,
  name={{}\ding{65}},
  description={Star of David}
}

@symbol{floralheart,
  name={{}\ding{166}},
  description={floral heart}
}

@symbol{balloonast,
  name={{}\ding{68}},
  description={heavy four balloon-spoked asterisk}
}

@symbol{fourstar,
  name={{}\ding{70}},
  description={black four pointed star}
}

@symbol{pinwheel,
  name={{}\ding{85}},
  description={eight pointed pinwheel star}
}

@symbol{whiteflorette,
  name={{}\ding{96}},
  description={white florette}
}

@symbol{snowflake,
  name={{}\ding{100}},
  description={snowflake}
}

@symbol{telephone,
  name={{}\ding{38}},
  description={telephone location sign}
}

