% Encoding: UTF-8

@index{run}

@index{sprint,see={run}}

@index{dash,see={run}}
