@entry{sample1,name={sample1},description={one}}
@entry{sample2,name={sample2},description={two},see={sample1}}
@entry{sample3,name={sample3},description={three}}
@entry{sample4,name={sample4},description={four},seealso={sample3}}
@entry{sample5,name={sample5},description={five}}
@entry{sample6,name={sample6},description={six},alias={sample5}}
