% Encoding: UTF-8
@index{move,see={run}}
%@index{walk,parent={move}}
%@index{run,parent={move}}
@index{perambulation,see={move}}
