% Encoding: UTF-8

@indexplural{animal}
@indexplural{mineral}
@indexplural{vegetable}
