@entry{bird,
  name={bird},
  description={feathered animal},
  category={animal},
  note={a note which will be ignored if the note key isn't defined}
}

@entry{waterfowl,
  name={waterfowl},
  description={any bird that lives in or about water},
  category={animal}
}

@entry{zebra,
  name={zebra},
  description={striped African horse},
  category={animal}
}

@entry{cabbage,
  name={cabbage},
  description={vegetable with thick green or purple leaves},
  category={vegetable},
  note={a note which will be ignored if the note key isn't defined}
}

@entry{brocolli,
  name={brocolli},
  description={vegetable with heads of small green or purple flower buds},
  category={vegetable}
}

@entry{corundum,
  name={corundum},
  description={crystalline form of aluminium oxide},
  category={mineral}
}

@entry{quartz,
  name={quartz},
  description={hard mineral consisting of silica},
  category={mineral}
}

@entry{parrot,
  name={parrot},
  description={mainly tropical bird with bright plumage},
  category={animal}
}
