% Encoding: UTF-8

@preamble{"\providecommand{\Upbeta}{B}
\providecommand{\Digamma}{F}
\providecommand{\Eta}{H}
\providecommand{\omicron}{o}
\providecommand{\Omicron}{O}
\providecommand{\Kappa}{K}
\providecommand{\mtx}[1]{\mathbf{#1}}
\providecommand{\sortart}[2]{#1 #2}"}

@symbol{upalpha,
  topic = {physics},
  name = {\ensuremath{\upalpha}},
  description = {angular acceleration}
}

@symbol{upbeta,
  topic = {statistical mechanics},
  name = {\ensuremath{\upbeta}},
  description = {thermodynamic beta}
}

@symbol{Upbeta,
  topic = {functions},
  name = {\ensuremath{\Upbeta(x,y)}},
  description = {Euler beta function}
}

@symbol{Upgamma,
  topic = {functions},
  name = {\ensuremath{\Upgamma(n)}},
  description = {gamma function}
}

@symbol{upgamma,
  topic = {physics},
  name = {\ensuremath{\upgamma}},
  description = {Lorentz factor}
}

@symbol{Updelta,
  topic = {operators},
  name = {\ensuremath{\Updelta}},
  description = {Laplace operator}
}

@symbol{updelta,
  topic = {functions},
  name = {\ensuremath{\updelta}},
  description = {Kronecker delta}
}

@symbol{upepsilon,
  topic = {quantities},
  name = {\ensuremath{\upepsilon}},
  description = {small positive quantity}
}

@symbol{Updigamma,
  topic = {functions},
  name = {\ensuremath{\Digamma}},
  description = {digamma function}
}

@symbol{upzeta,
  topic = {functions},
  name = {\ensuremath{\upzeta(s)}},
  description = {Riemann zeta function}
}

@symbol{Upeta,
  topic = {statistical mechanics},
  name = {\ensuremath{\Upeta(t)}},
  description = {Boltzmann's \ensuremath{\UpEta}-Theorem}
}

@symbol{upeta,
  topic = {quantities},
  name = {\ensuremath{\upeta}},
  description = {refractive index}
}

@symbol{Uptheta,
  topic = {finance},
  name = {\ensuremath{\Uptheta}},
  description = {Theta decay}
}

@symbol{uptheta,
  topic = {quantities},
  name = {\ensuremath{\uptheta}},
  description = {statistical model parameter}
}

@symbol{upvartheta,
  topic = {functions},
  name = {\ensuremath{\upvartheta(x)}},
  description = {first Chebyshev function}
}

@symbol{upiota,
  topic = {set theory},
  name = {\ensuremath{\upiota}},
  description = {inclusion map}
}

@symbol{Upkappa,
  topic = {quantities},
  name = {\ensuremath{\Upkappa}},
  description = {Kappa number}
}

@symbol{upkappa,
  topic = {geometry},
  name = {\ensuremath{\upkappa}},
  description = {curvature}
}

@symbol{Uplambda,
  topic = {linear algebra},
  name = {\ensuremath{\mtx{\Uplambda}}},
  description = {diagonal matrix of eigenvalues}
}

@symbol{uplambda,
  topic = {linear algebra},
  name = {\ensuremath{\uplambda}},
  description = {\sortart{an}{eigenvalue}}
}

@symbol{upmu,
  topic = {functions},
  name = {\ensuremath{\upmu(n)}},
  description = {M\"obius function}
}

@symbol{upnu,
  topic = {physics},
  name = {\ensuremath{\upnu}},
  description = {kinematic viscosity}
}

@symbol{Upxi,
  topic = {functions},
  name = {\ensuremath{\Upxi}},
  description = {Riemann's original xi-function}
}

@symbol{upxi,
  topic = {functions},
  name = {\ensuremath{\upxi(s)}},
  description = {Riemann's xi-function}
}

@symbol{Upomicron,
  topic = {asymptotic notation},
  name = {\ensuremath{\Upomicron}},
  description = {big O notation}
}

@symbol{upomicron,
  topic = {asymptotic notation},
  name = {\ensuremath{\upomicron}},
  description = {small o notation}
}

@symbol{Uppi,
  topic = {biology},
  name = {\ensuremath{\Uppi}},
  description = {osmotic pressure}
}

@symbol{uppi,
  topic = {geometry},
  name = {\ensuremath{\uppi}},
  description = {Archimedes' constant}
}

@symbol{upvarpi,
  topic = {fluid dynamics},
  name = {\ensuremath{\upvarpi}},
  description = {angular frequency}
}

@symbol{uprho,
  topic = {quantities},
  name = {\ensuremath{\uprho}},
  description = {density}
}

@symbol{Upsigma,
  topic = {statistics},
  name = {\ensuremath{\mtx{\Upsigma}}},
  description = {covariance matrix}
}

@symbol{upsigma,
  topic = {statistics},
  name = {\ensuremath{\upsigma}},
  description = {standard deviation}
}

@symbol{uptau,
  topic = {mechanics},
  name = {\ensuremath{\uptau}},
  description = {torque}
}

@symbol{Upupsilon,
  topic = {physics},
  name = {\ensuremath{\Upupsilon}},
  description = {upsilon meson}
}

@symbol{upupsilon,
  topic = {physics},
  name = {\ensuremath{\upupsilon}},
  description = {frequency}
}

@symbol{Upphi,
  topic = {physics},
  name = {\ensuremath{\Upphi}},
  description = {magnetic flux}
}

@symbol{upphi,
  topic = {quantities},
  name = {\ensuremath{\upphi}},
  description = {\sortart{the}{golden ratio}}
}

@symbol{upchi,
  topic = {graph theory},
  name = {\ensuremath{\upchi}},
  description = {chromatic number}
}

@symbol{Uppsi,
  topic = {physics},
  name = {\ensuremath{\Uppsi}},
  description = {water potential}
}

@symbol{uppsi,
  topic = {functions},
  name = {\ensuremath{\uppsi^{(m)}(z)}},
  description = {polygamma function}
}

@symbol{Upomega,
  topic = {quantities},
  name = {\ensuremath{\Upomega}},
  description = {\sortart{the}{omega constant}}
}

@symbol{upomega,
  topic = {physics},
  name = {\ensuremath{\upomega}},
  description = {angular velocity}
}

