% Encoding: UTF-8

@entry{lorem,
  name = {lorem},
  description = {ipsum}
}

@entry{dolor,
  name = {dolor},
  description = {sit}
}

@entry{amet,
  name = {amet},
  description = {consectetuer}
}

@entry{adipiscing,
  name = {adipiscing},
  description = {elit}
}

@entry{ut,
  name = {ut},
  description = {purus}
}

@entry{elit,
  name = {elit},
  description = {vestibulum}
}
