% Encoding: UTF-8

@index{ipsum}
@index{sit}
@index{consectetuer}
