@entry{test1,name={zxo},description={test 1}}
@entry{test2,name={ipjcawkrwzf},description={test 2}}
@entry{test3,name={txayyjpiwkkxkaadsky},description={test 3}}
@entry{test4,name={gynauenngogqwhi},description={test 4}}
@entry{test5,name={vpbfgmw},description={test 5}}
@entry{test6,name={Steyvrkjj},description={test 6}}
@entry{test7,name={aknotatuw},description={test 7}}
@entry{test8,name={qxzvm},description={test 8}}
@entry{test9,name={L},description={test 9}}
@entry{test10,name={d},description={test 10}}
@entry{test11,name={Twvfl},description={test 11}}
@entry{test12,name={ec},description={test 12}}
@entry{test13,name={lcj},description={test 13}}
@entry{test14,name={at},description={test 14}}
@entry{test15,name={qau},description={test 15}}
@entry{test16,name={Ssptparzks},description={test 16}}
@entry{test17,name={Lvpjicygerkctrg},description={test 17}}
@entry{test18,name={Gfcpq},description={test 18}}
@entry{test19,name={o},description={test 19}}
@entry{test20,name={Lkvqarodeufrsl},description={test 20}}
@entry{test21,name={dgyhknksq},description={test 21}}
@entry{test22,name={Kweqqzvac},description={test 22}}
@entry{test23,name={Emsngvukgqsqanbmej},description={test 23}}
@entry{test24,name={kofcosemio},description={test 24}}
@entry{test25,name={Scomoxlnuvukretqnds},description={test 25}}
@entry{test26,name={mzxinmnh},description={test 26}}
@entry{test27,name={Esyjkpj},description={test 27}}
@entry{test28,name={kv},description={test 28}}
@entry{test29,name={Mfjjyjcmr},description={test 29}}
@entry{test30,name={Wfcznwgexry},description={test 30}}
@entry{test31,name={Oehmdsmxczxyzoijzm},description={test 31}}
@entry{test32,name={Bhyludsysdgxv},description={test 32}}
@entry{test33,name={Egmtjzlm},description={test 33}}
@entry{test34,name={el},description={test 34}}
@entry{test35,name={hcbtafreuorvyieygif},description={test 35}}
@entry{test36,name={zpaz},description={test 36}}
@entry{test37,name={vnrizvvuv},description={test 37}}
@entry{test38,name={Coyffcihkljkgko},description={test 38}}
@entry{test39,name={hfrx},description={test 39}}
@entry{test40,name={Jzheskdvumt},description={test 40}}
@entry{test41,name={mceiotxlgcfknhugwn},description={test 41}}
@entry{test42,name={izp},description={test 42}}
@entry{test43,name={Fcicirfqe},description={test 43}}
@entry{test44,name={Iecs},description={test 44}}
@entry{test45,name={Znbbnuevkyjpb},description={test 45}}
@entry{test46,name={rtirqknghu},description={test 46}}
@entry{test47,name={nnxbxcebwqnhq},description={test 47}}
@entry{test48,name={wco},description={test 48}}
@entry{test49,name={Dlhge},description={test 49}}
@entry{test50,name={Pm},description={test 50}}
@entry{test51,name={zzagtprzuijlmzio},description={test 51}}
@entry{test52,name={Yo},description={test 52}}
@entry{test53,name={Robfjsszw},description={test 53}}
@entry{test54,name={Ae},description={test 54}}
@entry{test55,name={Fbnhj},description={test 55}}
@entry{test56,name={Nstwlsfjnhwyzk},description={test 56}}
@entry{test57,name={Sjvfivtcs},description={test 57}}
@entry{test58,name={ygtdwpxrqfwjswl},description={test 58}}
@entry{test59,name={nhasfktfwkfgdax},description={test 59}}
@entry{test60,name={Rktvyzgqpn},description={test 60}}
@entry{test61,name={aniyjgxgyangfoe},description={test 61}}
@entry{test62,name={cbnjjrxfidsiggtkx},description={test 62}}
@entry{test63,name={zjjmahnkjmqbhnffxg},description={test 63}}
@entry{test64,name={Aylfjhjtsvsqsyw},description={test 64}}
@entry{test65,name={Ts},description={test 65}}
@entry{test66,name={jyag},description={test 66}}
@entry{test67,name={glkioyhfzxbpadbyg},description={test 67}}
@entry{test68,name={awcmin},description={test 68}}
@entry{test69,name={Gliprytcvs},description={test 69}}
@entry{test70,name={glgseesavygyrtkiulx},description={test 70}}
@entry{test71,name={Bprgmnka},description={test 71}}
@entry{test72,name={Szqsbnhingkkmir},description={test 72}}
@entry{test73,name={uw},description={test 73}}
@entry{test74,name={dmmtkxjafyodwa},description={test 74}}
@entry{test75,name={Cpkagoksuakyyqno},description={test 75}}
@entry{test76,name={Htpobdevfsk},description={test 76}}
@entry{test77,name={Ggdnaq},description={test 77}}
@entry{test78,name={lonpnuoya},description={test 78}}
@entry{test79,name={Ktvqbfyrug},description={test 79}}
@entry{test80,name={Awafxgrxztlyyitzzav},description={test 80}}
@entry{test81,name={Cobgifsvibdcorqqs},description={test 81}}
@entry{test82,name={Ejnokp},description={test 82}}
@entry{test83,name={tyvavleap},description={test 83}}
@entry{test84,name={Gfp},description={test 84}}
@entry{test85,name={tgarlzq},description={test 85}}
@entry{test86,name={sahkkjwgcnotxhjcmxo},description={test 86}}
@entry{test87,name={Emgjroqmrxdoaqv},description={test 87}}
@entry{test88,name={Shokxfjjlypcnpoycyb},description={test 88}}
@entry{test89,name={sronkllbiky},description={test 89}}
@entry{test90,name={Kdcjuwrlaltkqz},description={test 90}}
@entry{test91,name={K},description={test 91}}
@entry{test92,name={hqdwkygyqee},description={test 92}}
@entry{test93,name={Eztanqbblwyaswfc},description={test 93}}
@entry{test94,name={Direxioybogofzlb},description={test 94}}
@entry{test95,name={vlhospvijl},description={test 95}}
@entry{test96,name={Dayrbuzzrljqx},description={test 96}}
@entry{test97,name={Hbcarbhxbrzwhf},description={test 97}}
@entry{test98,name={Vlwhakcrs},description={test 98}}
@entry{test99,name={mybgkkxawrzbjwsqc},description={test 99}}
@entry{test100,name={nart},description={test 100}}
@entry{test101,name={Wtyayvda},description={test 101}}
@entry{test102,name={gbilyyq},description={test 102}}
@entry{test103,name={gobnqutjugr},description={test 103}}
@entry{test104,name={bcfnbgktgmnemp},description={test 104}}
@entry{test105,name={ywfz},description={test 105}}
@entry{test106,name={Gnsruixwbxxpugnqkz},description={test 106}}
@entry{test107,name={Iwlhtdhinlppdnxgx},description={test 107}}
@entry{test108,name={Tsigzmcsjze},description={test 108}}
@entry{test109,name={Uajdjkpiltnesqvp},description={test 109}}
@entry{test110,name={yigjhhllsagmpeohat},description={test 110}}
@entry{test111,name={Unpbk},description={test 111}}
@entry{test112,name={dapbeixwkwed},description={test 112}}
@entry{test113,name={mdjmqozwqiv},description={test 113}}
@entry{test114,name={ww},description={test 114}}
@entry{test115,name={nlukztxmgikcvcacuo},description={test 115}}
@entry{test116,name={cuygsdekiazekuwp},description={test 116}}
@entry{test117,name={Wlbbkgnq},description={test 117}}
@entry{test118,name={slbjgbromzvajmp},description={test 118}}
@entry{test119,name={Iqyeuw},description={test 119}}
@entry{test120,name={Gpzslu},description={test 120}}
@entry{test121,name={Mgbzovsnmorflga},description={test 121}}
@entry{test122,name={oquvrd},description={test 122}}
@entry{test123,name={btyaasibelkgmngquqq},description={test 123}}
@entry{test124,name={awxslxzi},description={test 124}}
@entry{test125,name={wzwvhtntqyuhilwpo},description={test 125}}
@entry{test126,name={Owhmwjtxcsnsalt},description={test 126}}
@entry{test127,name={Eokjjf},description={test 127}}
@entry{test128,name={dwzakubtwg},description={test 128}}
@entry{test129,name={Cpxje},description={test 129}}
@entry{test130,name={zigbumbtqjtelsdcr},description={test 130}}
@entry{test131,name={makisivk},description={test 131}}
@entry{test132,name={D},description={test 132}}
@entry{test133,name={Kv},description={test 133}}
@entry{test134,name={Atgkeqpqz},description={test 134}}
@entry{test135,name={Akmweyuni},description={test 135}}
@entry{test136,name={stcsx},description={test 136}}
@entry{test137,name={N},description={test 137}}
@entry{test138,name={yfhmkkk},description={test 138}}
@entry{test139,name={e},description={test 139}}
@entry{test140,name={assmfjhbwaofs},description={test 140}}
@entry{test141,name={Ajsbwtjyeqgl},description={test 141}}
@entry{test142,name={jmnmesldcma},description={test 142}}
@entry{test143,name={M},description={test 143}}
@entry{test144,name={Kypmklxtzyjjhwl},description={test 144}}
@entry{test145,name={Tfeduwsnazhjvsdztdv},description={test 145}}
@entry{test146,name={Fdpvmmstiormqt},description={test 146}}
@entry{test147,name={l},description={test 147}}
@entry{test148,name={raqryrqrzwsn},description={test 148}}
@entry{test149,name={Zsvklzqsdufxsiv},description={test 149}}
@entry{test150,name={Ybvjic},description={test 150}}
@entry{test151,name={Mknfixy},description={test 151}}
@entry{test152,name={Xhdpetqgkkgbnw},description={test 152}}
@entry{test153,name={ieuydbnmicbj},description={test 153}}
@entry{test154,name={Pl},description={test 154}}
@entry{test155,name={skhwpxlmof},description={test 155}}
@entry{test156,name={yjrubzczs},description={test 156}}
@entry{test157,name={Mrizeiavha},description={test 157}}
@entry{test158,name={Ibijznsenmbdw},description={test 158}}
@entry{test159,name={Vcne},description={test 159}}
@entry{test160,name={Wbcw},description={test 160}}
@entry{test161,name={qbjmrdtjxskwbc},description={test 161}}
@entry{test162,name={Gjbdiu},description={test 162}}
@entry{test163,name={ebfpw},description={test 163}}
@entry{test164,name={lze},description={test 164}}
@entry{test165,name={jpfdptswlmyvlwfcrw},description={test 165}}
@entry{test166,name={Othhgyrku},description={test 166}}
@entry{test167,name={qviyeukv},description={test 167}}
@entry{test168,name={w},description={test 168}}
@entry{test169,name={Datoeg},description={test 169}}
@entry{test170,name={qyrwnxxmgttthrud},description={test 170}}
@entry{test171,name={Lzwbebkwtsnpqx},description={test 171}}
@entry{test172,name={Thghhsrpizdofiw},description={test 172}}
@entry{test173,name={Lqltscnzfpnowb},description={test 173}}
@entry{test174,name={Dsupczfcuqjwy},description={test 174}}
@entry{test175,name={Iabaz},description={test 175}}
@entry{test176,name={uei},description={test 176}}
@entry{test177,name={Geyhcamdvwgmh},description={test 177}}
@entry{test178,name={gplqfwey},description={test 178}}
@entry{test179,name={umskefbpymr},description={test 179}}
@entry{test180,name={nzaslqmd},description={test 180}}
@entry{test181,name={mppj},description={test 181}}
@entry{test182,name={fqquxsexktfhups},description={test 182}}
@entry{test183,name={xueuravcog},description={test 183}}
@entry{test184,name={ovqo},description={test 184}}
@entry{test185,name={Fuerdlujkrmil},description={test 185}}
@entry{test186,name={Ypjojohabgdnqnsmylm},description={test 186}}
@entry{test187,name={Fnxk},description={test 187}}
@entry{test188,name={bobwbrdutcf},description={test 188}}
@entry{test189,name={fprqftmem},description={test 189}}
@entry{test190,name={Wgbrzjgvcmmjt},description={test 190}}
@entry{test191,name={Mnhlijndfpfhowuadln},description={test 191}}
@entry{test192,name={Am},description={test 192}}
@entry{test193,name={Aztnwttf},description={test 193}}
@entry{test194,name={Nixsgahrlsrwunoeqi},description={test 194}}
@entry{test195,name={uwrxnvgdvtkmgfkhzyg},description={test 195}}
@entry{test196,name={Nmvjnzg},description={test 196}}
@entry{test197,name={pjaifmmajcevrhxh},description={test 197}}
@entry{test198,name={Kdeszorakqmnhsqzb},description={test 198}}
@entry{test199,name={ep},description={test 199}}
@entry{test200,name={djvogbtipbu},description={test 200}}
@entry{test201,name={Yzrvnduozbehoflkqox},description={test 201}}
@entry{test202,name={knhczy},description={test 202}}
@entry{test203,name={Gw},description={test 203}}
@entry{test204,name={zyawckafednejs},description={test 204}}
@entry{test205,name={Atbcyhkwhwfdqos},description={test 205}}
@entry{test206,name={rzjqitkq},description={test 206}}
@entry{test207,name={Xi},description={test 207}}
@entry{test208,name={hkunpjpjkjpzkchmtu},description={test 208}}
@entry{test209,name={oqpa},description={test 209}}
@entry{test210,name={lpspz},description={test 210}}
@entry{test211,name={rgchzeqluetmcgald},description={test 211}}
@entry{test212,name={krvirqcrjhkrcrz},description={test 212}}
@entry{test213,name={Pe},description={test 213}}
@entry{test214,name={Iodjnyv},description={test 214}}
@entry{test215,name={poozglm},description={test 215}}
@entry{test216,name={sakjjjnayiobctscwft},description={test 216}}
@entry{test217,name={kgtvedmgpcrr},description={test 217}}
@entry{test218,name={Wjxbiyhyovgpufg},description={test 218}}
@entry{test219,name={es},description={test 219}}
@entry{test220,name={Cctaelo},description={test 220}}
@entry{test221,name={yqgyjqlqpqzdfica},description={test 221}}
@entry{test222,name={Erb},description={test 222}}
@entry{test223,name={Ka},description={test 223}}
@entry{test224,name={ehbgjif},description={test 224}}
@entry{test225,name={cxcvgvsx},description={test 225}}
@entry{test226,name={Smedlruofvqto},description={test 226}}
@entry{test227,name={mgtpgcwv},description={test 227}}
@entry{test228,name={b},description={test 228}}
@entry{test229,name={Unwntpkgckz},description={test 229}}
@entry{test230,name={Ifmtvlll},description={test 230}}
@entry{test231,name={duppcyttwjbf},description={test 231}}
@entry{test232,name={Tgzgebepjigut},description={test 232}}
@entry{test233,name={Pxdfpduyncaoddmwk},description={test 233}}
@entry{test234,name={fnzyguyrvfkzgysycu},description={test 234}}
@entry{test235,name={lvzttmip},description={test 235}}
@entry{test236,name={Bwlcac},description={test 236}}
@entry{test237,name={vjqvwzjuvjwcntwwga},description={test 237}}
@entry{test238,name={ldvrneqkkyi},description={test 238}}
@entry{test239,name={deqrgw},description={test 239}}
@entry{test240,name={yfsfekhjwrzrhj},description={test 240}}
@entry{test241,name={bqrss},description={test 241}}
@entry{test242,name={Qup},description={test 242}}
@entry{test243,name={qtvdmr},description={test 243}}
@entry{test244,name={bbcdjxbtsqhicnhqry},description={test 244}}
@entry{test245,name={yglyfdpwkr},description={test 245}}
@entry{test246,name={aeroakqklpqcowfg},description={test 246}}
@entry{test247,name={Otpumks},description={test 247}}
@entry{test248,name={bcbxvaeofgusrrgkixq},description={test 248}}
@entry{test249,name={Au},description={test 249}}
@entry{test250,name={Ljjymvg},description={test 250}}
@entry{test251,name={Qbztekqsn},description={test 251}}
@entry{test252,name={ocec},description={test 252}}
@entry{test253,name={fxakyfy},description={test 253}}
@entry{test254,name={pelobobkdfkyn},description={test 254}}
@entry{test255,name={gvzdsblkaz},description={test 255}}
@entry{test256,name={Vi},description={test 256}}
@entry{test257,name={tceze},description={test 257}}
@entry{test258,name={Lgafhkhzweopcbdns},description={test 258}}
@entry{test259,name={mzbb},description={test 259}}
@entry{test260,name={bewsexyfopdnast},description={test 260}}
@entry{test261,name={Fuvmitgni},description={test 261}}
@entry{test262,name={nj},description={test 262}}
@entry{test263,name={Uyvoix},description={test 263}}
@entry{test264,name={Dameilephtzthmcy},description={test 264}}
@entry{test265,name={opizekztxcbfiwa},description={test 265}}
@entry{test266,name={I},description={test 266}}
@entry{test267,name={ckmncmsauatsva},description={test 267}}
@entry{test268,name={Vdqapwcnzoaqqwgg},description={test 268}}
@entry{test269,name={Yskdxdwlnbmwux},description={test 269}}
@entry{test270,name={Mramvanwqweknkdt},description={test 270}}
@entry{test271,name={Sktszprxpmjjhmhia},description={test 271}}
@entry{test272,name={xwuq},description={test 272}}
@entry{test273,name={Nlyrzwxynktbkp},description={test 273}}
@entry{test274,name={lunwrxbf},description={test 274}}
@entry{test275,name={Adf},description={test 275}}
@entry{test276,name={dxrv},description={test 276}}
@entry{test277,name={qjxvwbopiyyvrfn},description={test 277}}
@entry{test278,name={Lroiciusgooqjf},description={test 278}}
@entry{test279,name={loxxvhxmsubhv},description={test 279}}
@entry{test280,name={kfjiwfjandwcqpetmk},description={test 280}}
@entry{test281,name={Rbhjgkxbhhopuyg},description={test 281}}
@entry{test282,name={Said},description={test 282}}
@entry{test283,name={uobxyvvcragtxjgdq},description={test 283}}
@entry{test284,name={Ypdxmbnqmchqi},description={test 284}}
@entry{test285,name={Ustcitzmiki},description={test 285}}
@entry{test286,name={oj},description={test 286}}
@entry{test287,name={D},description={test 287}}
@entry{test288,name={fapzsdwjljcexxpgx},description={test 288}}
@entry{test289,name={ovlmcnsixacolel},description={test 289}}
@entry{test290,name={shrkqk},description={test 290}}
@entry{test291,name={mjuqogfnfcwbjv},description={test 291}}
@entry{test292,name={jktlghpnvrlqosvkrw},description={test 292}}
@entry{test293,name={Pn},description={test 293}}
@entry{test294,name={Koksfrdgqegvkaoqas},description={test 294}}
@entry{test295,name={vqdlvqkof},description={test 295}}
@entry{test296,name={ikgxwmtahpngsz},description={test 296}}
@entry{test297,name={Psg},description={test 297}}
@entry{test298,name={Kjsbssmjfuikvndwy},description={test 298}}
@entry{test299,name={vdzvohswccuucmj},description={test 299}}
@entry{test300,name={Ixpv},description={test 300}}
@entry{test301,name={ah},description={test 301}}
@entry{test302,name={Mesmzfggtyfcgfjsb},description={test 302}}
@entry{test303,name={Iuibscugyvcwyvm},description={test 303}}
@entry{test304,name={Tnrukgblvv},description={test 304}}
@entry{test305,name={Fjet},description={test 305}}
@entry{test306,name={qz},description={test 306}}
@entry{test307,name={Erjyzngzdshixjweizk},description={test 307}}
@entry{test308,name={Vpuqdvojkye},description={test 308}}
@entry{test309,name={vkdyjodwx},description={test 309}}
@entry{test310,name={jlnhsf},description={test 310}}
@entry{test311,name={bevqvxpbsnubqepjlr},description={test 311}}
@entry{test312,name={Cdrelelvuprhy},description={test 312}}
@entry{test313,name={etlshudxqqnfuljx},description={test 313}}
@entry{test314,name={Xhlyqsanytseqfzrsuk},description={test 314}}
@entry{test315,name={Ftlgzkfdvpdzkbj},description={test 315}}
@entry{test316,name={rdbaitygnbk},description={test 316}}
@entry{test317,name={Eieyiztssuopcsopnaq},description={test 317}}
@entry{test318,name={fnydgbwkohwnnuc},description={test 318}}
@entry{test319,name={Ovukfpdgqx},description={test 319}}
@entry{test320,name={ynoplqgzdhvqbkgke},description={test 320}}
@entry{test321,name={amrxg},description={test 321}}
@entry{test322,name={janzxicalqyhkrxn},description={test 322}}
@entry{test323,name={qppvjzjzfjftdak},description={test 323}}
@entry{test324,name={yknlbdyftcioqu},description={test 324}}
@entry{test325,name={Wyxxnmzdhspteskllvu},description={test 325}}
@entry{test326,name={ixuyirtzmr},description={test 326}}
@entry{test327,name={tdysjvnnbv},description={test 327}}
@entry{test328,name={Rbnjm},description={test 328}}
@entry{test329,name={Uttdalwwju},description={test 329}}
@entry{test330,name={Cako},description={test 330}}
@entry{test331,name={Gyclaj},description={test 331}}
@entry{test332,name={Lefubsljui},description={test 332}}
@entry{test333,name={Qw},description={test 333}}
@entry{test334,name={wbasvh},description={test 334}}
@entry{test335,name={yeb},description={test 335}}
@entry{test336,name={wzeiyhleuufaotfrzc},description={test 336}}
@entry{test337,name={Fep},description={test 337}}
@entry{test338,name={Vkzhkyhgypnvgjv},description={test 338}}
@entry{test339,name={hxhnuvnzxo},description={test 339}}
@entry{test340,name={Swfg},description={test 340}}
@entry{test341,name={Sjdtxhlnwcguujj},description={test 341}}
@entry{test342,name={Kfounoayjnla},description={test 342}}
@entry{test343,name={Oscfmjfl},description={test 343}}
@entry{test344,name={yvaydp},description={test 344}}
@entry{test345,name={Okewlxikrebf},description={test 345}}
@entry{test346,name={Ttnnkdbaydzinsyyaz},description={test 346}}
@entry{test347,name={ghjusoleitdbwsvyug},description={test 347}}
@entry{test348,name={Ftyplihavcsw},description={test 348}}
@entry{test349,name={Raxmqrbge},description={test 349}}
@entry{test350,name={bbxfnpujl},description={test 350}}
@entry{test351,name={Zwzbcvviyxzlnlbt},description={test 351}}
@entry{test352,name={gariuelkq},description={test 352}}
@entry{test353,name={lhwnomyvnbjgqva},description={test 353}}
@entry{test354,name={ly},description={test 354}}
@entry{test355,name={ft},description={test 355}}
@entry{test356,name={Gcwrvsqvbis},description={test 356}}
@entry{test357,name={Olfzxid},description={test 357}}
@entry{test358,name={kn},description={test 358}}
@entry{test359,name={Tctak},description={test 359}}
@entry{test360,name={xpkjsgjoazvwiiqdygq},description={test 360}}
@entry{test361,name={Facutkiizjsqrrtfi},description={test 361}}
@entry{test362,name={widcmhs},description={test 362}}
@entry{test363,name={dlru},description={test 363}}
@entry{test364,name={mvjlmeqnmv},description={test 364}}
@entry{test365,name={djyyagqaqxbr},description={test 365}}
@entry{test366,name={kqqqahaj},description={test 366}}
@entry{test367,name={nqsjvwx},description={test 367}}
@entry{test368,name={Tdbre},description={test 368}}
@entry{test369,name={Lcpcdf},description={test 369}}
@entry{test370,name={Btiwkpse},description={test 370}}
@entry{test371,name={rkjzfoeowjsxat},description={test 371}}
@entry{test372,name={d},description={test 372}}
@entry{test373,name={M},description={test 373}}
@entry{test374,name={Exdwaewpvttfazgv},description={test 374}}
@entry{test375,name={Itouux},description={test 375}}
@entry{test376,name={Fcffagjfpidgyufmnd},description={test 376}}
@entry{test377,name={Ynldqrlzwnuyfpldt},description={test 377}}
@entry{test378,name={bhrhah},description={test 378}}
@entry{test379,name={Txpjnafrhflxtd},description={test 379}}
@entry{test380,name={Wsnkezozkmpce},description={test 380}}
@entry{test381,name={undibgaiuorivmbzg},description={test 381}}
@entry{test382,name={Uhhthfhaxmlgfuumah},description={test 382}}
@entry{test383,name={xigpbbelgc},description={test 383}}
@entry{test384,name={jetrhlbahtzoepxqqhr},description={test 384}}
@entry{test385,name={Fyycggbtaqca},description={test 385}}
@entry{test386,name={qxpfjwrl},description={test 386}}
@entry{test387,name={hsyhbht},description={test 387}}
@entry{test388,name={Mnsmbhzqcknqoihds},description={test 388}}
@entry{test389,name={gzkyu},description={test 389}}
@entry{test390,name={mknbydsltsbgsgc},description={test 390}}
@entry{test391,name={fxjctotoctf},description={test 391}}
@entry{test392,name={Xyslpmnakkn},description={test 392}}
@entry{test393,name={juxanlyrhf},description={test 393}}
@entry{test394,name={Vzgzedyjxulco},description={test 394}}
@entry{test395,name={Dxuhccrnquc},description={test 395}}
@entry{test396,name={hpsyurp},description={test 396}}
@entry{test397,name={L},description={test 397}}
@entry{test398,name={pwovlbxakkjw},description={test 398}}
@entry{test399,name={Izipzffq},description={test 399}}
@entry{test400,name={Xqriumrieerhtwt},description={test 400}}
@entry{test401,name={Rruxhrhvvffzgez},description={test 401}}
@entry{test402,name={gyltrkbeagshrxdm},description={test 402}}
@entry{test403,name={Vuojklrcse},description={test 403}}
@entry{test404,name={qceuhpcaxqn},description={test 404}}
@entry{test405,name={d},description={test 405}}
@entry{test406,name={Hxyk},description={test 406}}
@entry{test407,name={C},description={test 407}}
@entry{test408,name={Cpsimbsrsylnmwm},description={test 408}}
@entry{test409,name={ez},description={test 409}}
@entry{test410,name={Fdasaezyvwkwcqljq},description={test 410}}
@entry{test411,name={hgbnrkettfapehxf},description={test 411}}
@entry{test412,name={Rkn},description={test 412}}
@entry{test413,name={gfypiwdzqhdcnt},description={test 413}}
@entry{test414,name={tnyjrqqyhfroj},description={test 414}}
@entry{test415,name={Vyygrwrjgvmcdvhmu},description={test 415}}
@entry{test416,name={ycm},description={test 416}}
@entry{test417,name={a},description={test 417}}
@entry{test418,name={ge},description={test 418}}
@entry{test419,name={gtyztsbapyabyh},description={test 419}}
@entry{test420,name={chorgg},description={test 420}}
@entry{test421,name={tqkcollneptrjzku},description={test 421}}
@entry{test422,name={Aetrkaoltpwmzfgys},description={test 422}}
@entry{test423,name={vtwb},description={test 423}}
@entry{test424,name={kmipbgz},description={test 424}}
@entry{test425,name={gfgvybcq},description={test 425}}
@entry{test426,name={dyq},description={test 426}}
@entry{test427,name={Stoqkamje},description={test 427}}
@entry{test428,name={Dmhleq},description={test 428}}
@entry{test429,name={b},description={test 429}}
@entry{test430,name={cjioaogumk},description={test 430}}
@entry{test431,name={L},description={test 431}}
@entry{test432,name={vdigtm},description={test 432}}
@entry{test433,name={srhavfthbqyovikoibe},description={test 433}}
@entry{test434,name={Ibk},description={test 434}}
@entry{test435,name={dvkwiexwdtycnyzjfi},description={test 435}}
@entry{test436,name={e},description={test 436}}
@entry{test437,name={Ddcgjdibuvnbrtwa},description={test 437}}
@entry{test438,name={Ikfyoztrzlykgpcup},description={test 438}}
@entry{test439,name={hbjy},description={test 439}}
@entry{test440,name={Qafw},description={test 440}}
@entry{test441,name={xqxxalyf},description={test 441}}
@entry{test442,name={Gvjfaruwpz},description={test 442}}
@entry{test443,name={Oqzjfsxjaznydchyoc},description={test 443}}
@entry{test444,name={cmvejmnp},description={test 444}}
@entry{test445,name={dcyhvcgyp},description={test 445}}
@entry{test446,name={Lt},description={test 446}}
@entry{test447,name={sqgrsw},description={test 447}}
@entry{test448,name={ypqeyy},description={test 448}}
@entry{test449,name={bgkjlqzggjnkpmsnipt},description={test 449}}
@entry{test450,name={Aiaqaojxlctg},description={test 450}}
@entry{test451,name={Ohoyolqwewqplg},description={test 451}}
@entry{test452,name={ghuxjszfph},description={test 452}}
@entry{test453,name={Hkwnozqfmownhia},description={test 453}}
@entry{test454,name={Sfojgzlf},description={test 454}}
@entry{test455,name={qwgvwcnjwsay},description={test 455}}
@entry{test456,name={Kjrzyfudazt},description={test 456}}
@entry{test457,name={onwnokaxxxcxeoxbg},description={test 457}}
@entry{test458,name={j},description={test 458}}
@entry{test459,name={hvv},description={test 459}}
@entry{test460,name={sbioavbhhlwsdtabk},description={test 460}}
@entry{test461,name={wvwom},description={test 461}}
@entry{test462,name={oo},description={test 462}}
@entry{test463,name={iokqrxh},description={test 463}}
@entry{test464,name={xlvtgcgjrkqhejd},description={test 464}}
@entry{test465,name={P},description={test 465}}
@entry{test466,name={Hrrreokfa},description={test 466}}
@entry{test467,name={Plnglvtyrkad},description={test 467}}
@entry{test468,name={T},description={test 468}}
@entry{test469,name={Opzintnh},description={test 469}}
@entry{test470,name={ykcuttaahnspe},description={test 470}}
@entry{test471,name={Hadolcratzozlg},description={test 471}}
@entry{test472,name={dynpvzlwqrfv},description={test 472}}
@entry{test473,name={Izefopknmz},description={test 473}}
@entry{test474,name={Wcteapddvlckufnqog},description={test 474}}
@entry{test475,name={ksjuscq},description={test 475}}
@entry{test476,name={zajgpj},description={test 476}}
@entry{test477,name={bymahfglbycisyy},description={test 477}}
@entry{test478,name={qoabihhhegipln},description={test 478}}
@entry{test479,name={Chkbkbvghnjzzepj},description={test 479}}
@entry{test480,name={Yihfayd},description={test 480}}
@entry{test481,name={Anmemzwpach},description={test 481}}
@entry{test482,name={xjxibgogkmequce},description={test 482}}
@entry{test483,name={gnvezgfzkukgrvkoit},description={test 483}}
@entry{test484,name={Ukqbmgdpnkxg},description={test 484}}
@entry{test485,name={Qdudguockqoi},description={test 485}}
@entry{test486,name={kjagjsbbybgsafuldwy},description={test 486}}
@entry{test487,name={Klbgcu},description={test 487}}
@entry{test488,name={Eupkqkdsxtloc},description={test 488}}
@entry{test489,name={Pzytuicvjy},description={test 489}}
@entry{test490,name={Tfmm},description={test 490}}
@entry{test491,name={Vmrzo},description={test 491}}
@entry{test492,name={Jehoafodnnr},description={test 492}}
@entry{test493,name={Aiqidkoeymqrgbdc},description={test 493}}
@entry{test494,name={Buz},description={test 494}}
@entry{test495,name={Gmufzudxzuyafj},description={test 495}}
@entry{test496,name={eqbpiplqvgyqtiqf},description={test 496}}
@entry{test497,name={Frs},description={test 497}}
@entry{test498,name={eukwq},description={test 498}}
@entry{test499,name={Pxhygmtxye},description={test 499}}
@entry{test500,name={eqn},description={test 500}}
@entry{test501,name={kgtwhpvbexylfp},description={test 501}}
@entry{test502,name={Hfqhxgmn},description={test 502}}
@entry{test503,name={Yvhyoylmbimyanjv},description={test 503}}
@entry{test504,name={mfxnwiqhbqsysalftq},description={test 504}}
@entry{test505,name={Uxpreahpeq},description={test 505}}
@entry{test506,name={Yifxphfhqxvzncyt},description={test 506}}
@entry{test507,name={klrfbligfyn},description={test 507}}
@entry{test508,name={jfecytltthjb},description={test 508}}
@entry{test509,name={m},description={test 509}}
@entry{test510,name={vokyuxaxroqspywuj},description={test 510}}
@entry{test511,name={Ffenpkmsbxm},description={test 511}}
@entry{test512,name={knz},description={test 512}}
@entry{test513,name={Nhinejwkbg},description={test 513}}
@entry{test514,name={W},description={test 514}}
@entry{test515,name={Rgobqgjicmmrxbz},description={test 515}}
@entry{test516,name={Wypnbcbnhvtzwictb},description={test 516}}
@entry{test517,name={Esmiwvrxoisgsb},description={test 517}}
@entry{test518,name={ephibbsbwxfvq},description={test 518}}
@entry{test519,name={Zezfoxl},description={test 519}}
@entry{test520,name={z},description={test 520}}
@entry{test521,name={zahlynsnqcvfs},description={test 521}}
@entry{test522,name={tedrhfsv},description={test 522}}
@entry{test523,name={swufgg},description={test 523}}
@entry{test524,name={dqbwwnipxriwj},description={test 524}}
@entry{test525,name={Dcteftqdzmzkjwzmhjk},description={test 525}}
@entry{test526,name={Dwstieibmqssl},description={test 526}}
@entry{test527,name={Kdoiqpdueizac},description={test 527}}
@entry{test528,name={ldnvdlvbpgaxuggnzc},description={test 528}}
@entry{test529,name={oimkfwai},description={test 529}}
@entry{test530,name={ngkf},description={test 530}}
@entry{test531,name={ifbqiejhnan},description={test 531}}
@entry{test532,name={Fbeawfczqmjnvrvxoir},description={test 532}}
@entry{test533,name={Zntkuu},description={test 533}}
@entry{test534,name={Hq},description={test 534}}
@entry{test535,name={a},description={test 535}}
@entry{test536,name={Nhqaarybjjfiodcd},description={test 536}}
@entry{test537,name={Zahw},description={test 537}}
@entry{test538,name={Qjxlwrwuocrtqfdiuw},description={test 538}}
@entry{test539,name={jluasqrlpjbdgjll},description={test 539}}
@entry{test540,name={J},description={test 540}}
@entry{test541,name={Aontztl},description={test 541}}
@entry{test542,name={Hqknnpms},description={test 542}}
@entry{test543,name={wpbe},description={test 543}}
@entry{test544,name={S},description={test 544}}
@entry{test545,name={G},description={test 545}}
@entry{test546,name={H},description={test 546}}
@entry{test547,name={eixbugjhvyrsn},description={test 547}}
@entry{test548,name={Lsuosgxb},description={test 548}}
@entry{test549,name={Kinzmczqr},description={test 549}}
@entry{test550,name={qnknsdygqz},description={test 550}}
@entry{test551,name={wfe},description={test 551}}
@entry{test552,name={nibsyezvgwlml},description={test 552}}
@entry{test553,name={Wpofwmbradzec},description={test 553}}
@entry{test554,name={Sdzeymmjxorw},description={test 554}}
@entry{test555,name={Shrbrublofpjufhl},description={test 555}}
@entry{test556,name={mbqvsqczfv},description={test 556}}
@entry{test557,name={Bfcbiego},description={test 557}}
@entry{test558,name={Oobdqwxkbbbzraqkbe},description={test 558}}
@entry{test559,name={Yjudvfwnuptcgledmhl},description={test 559}}
@entry{test560,name={Ry},description={test 560}}
@entry{test561,name={Dotz},description={test 561}}
@entry{test562,name={qgrglrzlwojipb},description={test 562}}
@entry{test563,name={Aejqppmghklnmudurj},description={test 563}}
@entry{test564,name={Okfkrjgklrd},description={test 564}}
@entry{test565,name={cceamabvnbecryjo},description={test 565}}
@entry{test566,name={elhgp},description={test 566}}
@entry{test567,name={clmqyfkjlhqzpsj},description={test 567}}
@entry{test568,name={Tructait},description={test 568}}
@entry{test569,name={wfxboqgfggb},description={test 569}}
@entry{test570,name={Yto},description={test 570}}
@entry{test571,name={Zf},description={test 571}}
@entry{test572,name={gsxkka},description={test 572}}
@entry{test573,name={Beyodvkz},description={test 573}}
@entry{test574,name={Yebuayusakfaxzeqaj},description={test 574}}
@entry{test575,name={mpbfkmzvhuqlkxl},description={test 575}}
@entry{test576,name={Uv},description={test 576}}
@entry{test577,name={ouokquy},description={test 577}}
@entry{test578,name={muzsjfqexfwvmzxia},description={test 578}}
@entry{test579,name={cmtltccwwgjpcgcxv},description={test 579}}
@entry{test580,name={Wshideufy},description={test 580}}
@entry{test581,name={Vcowfvvl},description={test 581}}
@entry{test582,name={hcxng},description={test 582}}
@entry{test583,name={Aoeyqqldpabjn},description={test 583}}
@entry{test584,name={tivtgwxtxgzezksypj},description={test 584}}
@entry{test585,name={hbwvvqmusda},description={test 585}}
@entry{test586,name={Ngkpohlzerbfqyj},description={test 586}}
@entry{test587,name={hzjurvlbnfe},description={test 587}}
@entry{test588,name={Oxdodjuac},description={test 588}}
@entry{test589,name={hlhfsmjd},description={test 589}}
@entry{test590,name={wzmp},description={test 590}}
@entry{test591,name={Ygezzg},description={test 591}}
@entry{test592,name={vhhbwghwwjfpt},description={test 592}}
@entry{test593,name={fhospfcqfaqzbviqgiw},description={test 593}}
@entry{test594,name={Kyaswvwvui},description={test 594}}
@entry{test595,name={N},description={test 595}}
@entry{test596,name={ptrpqjir},description={test 596}}
@entry{test597,name={Lefuxjngkfwbnddi},description={test 597}}
@entry{test598,name={Ybl},description={test 598}}
@entry{test599,name={gvl},description={test 599}}
@entry{test600,name={Ifxcovtkqddydizcwjz},description={test 600}}
@entry{test601,name={gvjptbhiogckkl},description={test 601}}
@entry{test602,name={vuvoautgu},description={test 602}}
@entry{test603,name={rvnf},description={test 603}}
@entry{test604,name={fozovo},description={test 604}}
@entry{test605,name={wpeclkgpwkfsjtkg},description={test 605}}
@entry{test606,name={Lukweiqnbdnjcol},description={test 606}}
@entry{test607,name={jfjfqesinrcoia},description={test 607}}
@entry{test608,name={tckfllanzlelsmn},description={test 608}}
@entry{test609,name={nvdttrmofda},description={test 609}}
@entry{test610,name={Euhyusutd},description={test 610}}
@entry{test611,name={Eethcrtnrjwlhnkwlv},description={test 611}}
@entry{test612,name={Fuidhb},description={test 612}}
@entry{test613,name={Vhh},description={test 613}}
@entry{test614,name={Reaeyfsa},description={test 614}}
@entry{test615,name={Wmq},description={test 615}}
@entry{test616,name={jadaic},description={test 616}}
@entry{test617,name={Hfgouylratszxpsh},description={test 617}}
@entry{test618,name={twhk},description={test 618}}
@entry{test619,name={wjog},description={test 619}}
@entry{test620,name={Uyqd},description={test 620}}
@entry{test621,name={Efwztghfju},description={test 621}}
@entry{test622,name={mimh},description={test 622}}
@entry{test623,name={hjvinppbpa},description={test 623}}
@entry{test624,name={qkimzjfc},description={test 624}}
@entry{test625,name={ertwqpdmyx},description={test 625}}
@entry{test626,name={xt},description={test 626}}
@entry{test627,name={y},description={test 627}}
@entry{test628,name={xk},description={test 628}}
@entry{test629,name={Qexuapouso},description={test 629}}
@entry{test630,name={Nvcp},description={test 630}}
@entry{test631,name={Ctmsjnllwlhuu},description={test 631}}
@entry{test632,name={Evsog},description={test 632}}
@entry{test633,name={cewqj},description={test 633}}
@entry{test634,name={Ywiyzffiuznfs},description={test 634}}
@entry{test635,name={Kakhywwwbjvcim},description={test 635}}
@entry{test636,name={opcnikctemsggx},description={test 636}}
@entry{test637,name={iprvvbnrhdotcjud},description={test 637}}
@entry{test638,name={Bzwmx},description={test 638}}
@entry{test639,name={Dxhwdhsncoze},description={test 639}}
@entry{test640,name={gezr},description={test 640}}
@entry{test641,name={Elscurggbovcumrxrns},description={test 641}}
@entry{test642,name={Ndwxmsgudneb},description={test 642}}
@entry{test643,name={rrquhf},description={test 643}}
@entry{test644,name={ywsvxmojbrlbpc},description={test 644}}
@entry{test645,name={zqqkbuzmvrwkgprft},description={test 645}}
@entry{test646,name={vkmrchszpgxqxglio},description={test 646}}
@entry{test647,name={Ct},description={test 647}}
@entry{test648,name={ya},description={test 648}}
@entry{test649,name={dahm},description={test 649}}
@entry{test650,name={jq},description={test 650}}
@entry{test651,name={kkuaigczyyviulklll},description={test 651}}
@entry{test652,name={Gondkzguphdmuluk},description={test 652}}
@entry{test653,name={Qcoumk},description={test 653}}
@entry{test654,name={Rcujiirqziomn},description={test 654}}
@entry{test655,name={Jnlpzffp},description={test 655}}
@entry{test656,name={Kridzochcpmj},description={test 656}}
@entry{test657,name={Ynp},description={test 657}}
@entry{test658,name={ijer},description={test 658}}
@entry{test659,name={Xwttezvdko},description={test 659}}
@entry{test660,name={Xzxvpdenlddiiwdc},description={test 660}}
@entry{test661,name={Le},description={test 661}}
@entry{test662,name={Vokk},description={test 662}}
@entry{test663,name={Mlzbfxepozjszokquf},description={test 663}}
@entry{test664,name={Ealzvuzrzfgnya},description={test 664}}
@entry{test665,name={Vqpayewapzaqofotg},description={test 665}}
@entry{test666,name={lpiesooniqowx},description={test 666}}
@entry{test667,name={otzbnqataxzjvxwwgq},description={test 667}}
@entry{test668,name={gnfjexowlwxqnz},description={test 668}}
@entry{test669,name={Bfpgxmozmlapwzwixq},description={test 669}}
@entry{test670,name={Ucbcljan},description={test 670}}
@entry{test671,name={wrcytbfoimzvxzv},description={test 671}}
@entry{test672,name={Skobkb},description={test 672}}
@entry{test673,name={cggjhkogtvsvy},description={test 673}}
@entry{test674,name={Ytjzrayp},description={test 674}}
@entry{test675,name={Nzsloimbogpxgb},description={test 675}}
@entry{test676,name={Wyllmmrrxbje},description={test 676}}
@entry{test677,name={wjordhqevc},description={test 677}}
@entry{test678,name={xwnda},description={test 678}}
@entry{test679,name={sb},description={test 679}}
@entry{test680,name={antilfexpkmwhkbcuxc},description={test 680}}
@entry{test681,name={nissbdmrclik},description={test 681}}
@entry{test682,name={eokgzbbtko},description={test 682}}
@entry{test683,name={glbldrlwbj},description={test 683}}
@entry{test684,name={rdzzoaaky},description={test 684}}
@entry{test685,name={Flbeetjjxqfnl},description={test 685}}
@entry{test686,name={Csnfvaofy},description={test 686}}
@entry{test687,name={Nydszlhtbe},description={test 687}}
@entry{test688,name={W},description={test 688}}
@entry{test689,name={zwbkulq},description={test 689}}
@entry{test690,name={Dbhfhdryvxlnq},description={test 690}}
@entry{test691,name={ggyfxgtapjxqyztcg},description={test 691}}
@entry{test692,name={jhjveiyznsvrsimmvmj},description={test 692}}
@entry{test693,name={zwbzphhzzgktmz},description={test 693}}
@entry{test694,name={r},description={test 694}}
@entry{test695,name={Tegorbzdhhqpzzcdgo},description={test 695}}
@entry{test696,name={Xrid},description={test 696}}
@entry{test697,name={Zuvttdkeoxotsor},description={test 697}}
@entry{test698,name={lzundqhneop},description={test 698}}
@entry{test699,name={Cd},description={test 699}}
@entry{test700,name={sykkdc},description={test 700}}
@entry{test701,name={rbpevvqpsmq},description={test 701}}
@entry{test702,name={Evi},description={test 702}}
@entry{test703,name={ihlakfmptdundtot},description={test 703}}
@entry{test704,name={qalbuuei},description={test 704}}
@entry{test705,name={vqtizbu},description={test 705}}
@entry{test706,name={dpkuvpsqxtn},description={test 706}}
@entry{test707,name={Ill},description={test 707}}
@entry{test708,name={tttentn},description={test 708}}
@entry{test709,name={Icsnlhukdtrivymx},description={test 709}}
@entry{test710,name={Xhajpruwiukwv},description={test 710}}
@entry{test711,name={ygfykmj},description={test 711}}
@entry{test712,name={Btxfktbiirylyttuuqa},description={test 712}}
@entry{test713,name={mnd},description={test 713}}
@entry{test714,name={bcfnr},description={test 714}}
@entry{test715,name={Qgfvmjkkabbhf},description={test 715}}
@entry{test716,name={hvggsiowtqddzaz},description={test 716}}
@entry{test717,name={kgtyri},description={test 717}}
@entry{test718,name={zngdcanspf},description={test 718}}
@entry{test719,name={Fruptwzyanxh},description={test 719}}
@entry{test720,name={Qxeedv},description={test 720}}
@entry{test721,name={Prpipjcxcjfnpzev},description={test 721}}
@entry{test722,name={Vg},description={test 722}}
@entry{test723,name={ehcoqgskgkkeilrabp},description={test 723}}
@entry{test724,name={rljnwqeprnqlzar},description={test 724}}
@entry{test725,name={Fnxikcjhucvgslqv},description={test 725}}
@entry{test726,name={Vvwwukhuxmma},description={test 726}}
@entry{test727,name={wcabbqvnpqqubd},description={test 727}}
@entry{test728,name={qyngpd},description={test 728}}
@entry{test729,name={scbngafbv},description={test 729}}
@entry{test730,name={yunvmzod},description={test 730}}
@entry{test731,name={tcnueojcpafkhmqe},description={test 731}}
@entry{test732,name={bsr},description={test 732}}
@entry{test733,name={hxuaxpilyt},description={test 733}}
@entry{test734,name={C},description={test 734}}
@entry{test735,name={sfljkvfjo},description={test 735}}
@entry{test736,name={Dzpnwrnwkayagr},description={test 736}}
@entry{test737,name={Qvefbcucdhwpqkvdvl},description={test 737}}
@entry{test738,name={Ufrdhkiojcqinptfv},description={test 738}}
@entry{test739,name={Xodux},description={test 739}}
@entry{test740,name={Ncknlajv},description={test 740}}
@entry{test741,name={Wvdpg},description={test 741}}
@entry{test742,name={Ayodkypw},description={test 742}}
@entry{test743,name={Rdpnnwy},description={test 743}}
@entry{test744,name={axsd},description={test 744}}
@entry{test745,name={ndaopyfph},description={test 745}}
@entry{test746,name={Fdbycqxgtyozkn},description={test 746}}
@entry{test747,name={Qiagwzorhvdmvk},description={test 747}}
@entry{test748,name={Sbzpln},description={test 748}}
@entry{test749,name={Rtrs},description={test 749}}
@entry{test750,name={xqbgafbh},description={test 750}}
@entry{test751,name={Femacmyhhf},description={test 751}}
@entry{test752,name={odjrmclfjbhcpoetx},description={test 752}}
@entry{test753,name={Tmmoe},description={test 753}}
@entry{test754,name={Wpptxwikuxznut},description={test 754}}
@entry{test755,name={utvfwdno},description={test 755}}
@entry{test756,name={Excdqn},description={test 756}}
@entry{test757,name={Smeuh},description={test 757}}
@entry{test758,name={Ilaabckksrjl},description={test 758}}
@entry{test759,name={Ceqoulqdgxqyjd},description={test 759}}
@entry{test760,name={Yeiak},description={test 760}}
@entry{test761,name={ufbemm},description={test 761}}
@entry{test762,name={czudovgiulxby},description={test 762}}
@entry{test763,name={ombqxsyoiuffy},description={test 763}}
@entry{test764,name={etlbffbahd},description={test 764}}
@entry{test765,name={jokvafk},description={test 765}}
@entry{test766,name={Qoldazuqixshanovf},description={test 766}}
@entry{test767,name={Mfm},description={test 767}}
@entry{test768,name={Yeftpqqum},description={test 768}}
@entry{test769,name={kdrkmggsjfzuqwfy},description={test 769}}
@entry{test770,name={Bshqxlxgnwuhvuan},description={test 770}}
@entry{test771,name={ltbjnccyw},description={test 771}}
@entry{test772,name={Zmhpbigsn},description={test 772}}
@entry{test773,name={Zpojdfncbealw},description={test 773}}
@entry{test774,name={Ufddpberafvraz},description={test 774}}
@entry{test775,name={Dcfucoxnevokub},description={test 775}}
@entry{test776,name={Ovhgxxjwrkqhkhult},description={test 776}}
@entry{test777,name={Foabludxohtmipg},description={test 777}}
@entry{test778,name={Bczmaemkruxobrwgh},description={test 778}}
@entry{test779,name={Bxn},description={test 779}}
@entry{test780,name={Lgdxntdkgfqzqp},description={test 780}}
@entry{test781,name={Akkgclkcyuel},description={test 781}}
@entry{test782,name={j},description={test 782}}
@entry{test783,name={glcaeahjavnowhxmbd},description={test 783}}
@entry{test784,name={kt},description={test 784}}
@entry{test785,name={qzgohyuokgsv},description={test 785}}
@entry{test786,name={Kemsrf},description={test 786}}
@entry{test787,name={erx},description={test 787}}
@entry{test788,name={fufowhpqyjgoke},description={test 788}}
@entry{test789,name={Dyxnvnbapjfopbyddnj},description={test 789}}
@entry{test790,name={nl},description={test 790}}
@entry{test791,name={Bxhwjfeytwaym},description={test 791}}
@entry{test792,name={Czaxsirxjtmpwlqmnfg},description={test 792}}
@entry{test793,name={kj},description={test 793}}
@entry{test794,name={olmdlsnmemewmjxhkfh},description={test 794}}
@entry{test795,name={Bxyvwrdgitlpss},description={test 795}}
@entry{test796,name={zzkzhklezcfjwk},description={test 796}}
@entry{test797,name={jpnxjat},description={test 797}}
@entry{test798,name={Cbbfokhpqoyablpjk},description={test 798}}
@entry{test799,name={Trwonetntcpygtyev},description={test 799}}
@entry{test800,name={z},description={test 800}}
@entry{test801,name={ijfdgszrkde},description={test 801}}
@entry{test802,name={ngjfdlaofeeuwuatb},description={test 802}}
@entry{test803,name={klioyqehsoib},description={test 803}}
@entry{test804,name={ugwfzkrjuvqwxqguc},description={test 804}}
@entry{test805,name={Sbaadjjztav},description={test 805}}
@entry{test806,name={etpfqjs},description={test 806}}
@entry{test807,name={Hbodvhtrodmasqeexb},description={test 807}}
@entry{test808,name={Zpxkkgrktkndcbewqp},description={test 808}}
@entry{test809,name={Jd},description={test 809}}
@entry{test810,name={ircjq},description={test 810}}
@entry{test811,name={cmnz},description={test 811}}
@entry{test812,name={V},description={test 812}}
@entry{test813,name={Cwppdislrflr},description={test 813}}
@entry{test814,name={Iuf},description={test 814}}
@entry{test815,name={Orprad},description={test 815}}
@entry{test816,name={mkrlgkeyi},description={test 816}}
@entry{test817,name={Bdiwnih},description={test 817}}
@entry{test818,name={r},description={test 818}}
@entry{test819,name={Menjlympyxrwtf},description={test 819}}
@entry{test820,name={Lo},description={test 820}}
@entry{test821,name={btzgzliyjq},description={test 821}}
@entry{test822,name={Qmptcyavieteo},description={test 822}}
@entry{test823,name={cg},description={test 823}}
@entry{test824,name={Vovviwvltpbu},description={test 824}}
@entry{test825,name={Zpvfxt},description={test 825}}
@entry{test826,name={Coicumlalwd},description={test 826}}
@entry{test827,name={A},description={test 827}}
@entry{test828,name={Ofrulfq},description={test 828}}
@entry{test829,name={Vf},description={test 829}}
@entry{test830,name={Csb},description={test 830}}
@entry{test831,name={euqu},description={test 831}}
@entry{test832,name={jphtstag},description={test 832}}
@entry{test833,name={Nssq},description={test 833}}
@entry{test834,name={Zq},description={test 834}}
@entry{test835,name={pczhewais},description={test 835}}
@entry{test836,name={tbjjagrsdyblusdjhkr},description={test 836}}
@entry{test837,name={sirsannwjt},description={test 837}}
@entry{test838,name={Yegqynyocglxr},description={test 838}}
@entry{test839,name={panueqp},description={test 839}}
@entry{test840,name={vameiij},description={test 840}}
@entry{test841,name={cxo},description={test 841}}
@entry{test842,name={Osgb},description={test 842}}
@entry{test843,name={Ijvziacrbtp},description={test 843}}
@entry{test844,name={va},description={test 844}}
@entry{test845,name={h},description={test 845}}
@entry{test846,name={zxmj},description={test 846}}
@entry{test847,name={Wkugls},description={test 847}}
@entry{test848,name={chtqqmw},description={test 848}}
@entry{test849,name={Ygaucsgoob},description={test 849}}
@entry{test850,name={Hpbgbo},description={test 850}}
@entry{test851,name={uholecaywd},description={test 851}}
@entry{test852,name={salrjqehtjiomee},description={test 852}}
@entry{test853,name={oytedvvcdijdcv},description={test 853}}
@entry{test854,name={Gnyez},description={test 854}}
@entry{test855,name={T},description={test 855}}
@entry{test856,name={Bmgvemonfgdlxvrogxd},description={test 856}}
@entry{test857,name={Ierazjquuxaqxdo},description={test 857}}
@entry{test858,name={Vbyuocrrjocrzb},description={test 858}}
@entry{test859,name={Mjqei},description={test 859}}
@entry{test860,name={jnxrbhqpemf},description={test 860}}
@entry{test861,name={Oqek},description={test 861}}
@entry{test862,name={Qabmeemovgvsgjbpb},description={test 862}}
@entry{test863,name={Qzlfpjrtizituec},description={test 863}}
@entry{test864,name={Znljfpaywqciklwz},description={test 864}}
@entry{test865,name={dqlg},description={test 865}}
@entry{test866,name={wdpfcotrgfmskb},description={test 866}}
@entry{test867,name={Oxgrwratgyveagvg},description={test 867}}
@entry{test868,name={Rnswdmszdsmbfkquub},description={test 868}}
@entry{test869,name={hlwtitjgrminzcbhauc},description={test 869}}
@entry{test870,name={R},description={test 870}}
@entry{test871,name={vdxriwhxm},description={test 871}}
@entry{test872,name={Dlb},description={test 872}}
@entry{test873,name={Cjxplmwnusjqxy},description={test 873}}
@entry{test874,name={bbjwsinxjbdrhe},description={test 874}}
@entry{test875,name={O},description={test 875}}
@entry{test876,name={Pjesqcwyi},description={test 876}}
@entry{test877,name={pu},description={test 877}}
@entry{test878,name={Flb},description={test 878}}
@entry{test879,name={akvwwbbamfvgskzrzfs},description={test 879}}
@entry{test880,name={Bazrv},description={test 880}}
@entry{test881,name={Vma},description={test 881}}
@entry{test882,name={Iq},description={test 882}}
@entry{test883,name={Sezw},description={test 883}}
@entry{test884,name={Nylcat},description={test 884}}
@entry{test885,name={tvcttwhinp},description={test 885}}
@entry{test886,name={Ollsbqs},description={test 886}}
@entry{test887,name={ooj},description={test 887}}
@entry{test888,name={o},description={test 888}}
@entry{test889,name={Qzatzcnamyrgpe},description={test 889}}
@entry{test890,name={ascejdwcboemqygfcdn},description={test 890}}
@entry{test891,name={Ktyfxgdqlvszk},description={test 891}}
@entry{test892,name={asgqgdxip},description={test 892}}
@entry{test893,name={Fhaomhyecptrkdejum},description={test 893}}
@entry{test894,name={Pbwd},description={test 894}}
@entry{test895,name={Axcnfcal},description={test 895}}
@entry{test896,name={xwxgwgaton},description={test 896}}
@entry{test897,name={Yjmzfrgtcfpf},description={test 897}}
@entry{test898,name={Ucsghaykrgtduqzf},description={test 898}}
@entry{test899,name={shavstqy},description={test 899}}
@entry{test900,name={rrnbmhskunklqhzvp},description={test 900}}
@entry{test901,name={A},description={test 901}}
@entry{test902,name={Gegg},description={test 902}}
@entry{test903,name={nedlyauaxn},description={test 903}}
@entry{test904,name={Tsifnpxhhghkeyfgadh},description={test 904}}
@entry{test905,name={Klxbwawkgidov},description={test 905}}
@entry{test906,name={Mqefergpvpldkek},description={test 906}}
@entry{test907,name={pncovml},description={test 907}}
@entry{test908,name={wbkfegddolqfk},description={test 908}}
@entry{test909,name={Pdxbltsnz},description={test 909}}
@entry{test910,name={Cobewtkvcpqast},description={test 910}}
@entry{test911,name={m},description={test 911}}
@entry{test912,name={yqrn},description={test 912}}
@entry{test913,name={quxmpdjrswe},description={test 913}}
@entry{test914,name={jcdedasmb},description={test 914}}
@entry{test915,name={hkixe},description={test 915}}
@entry{test916,name={Mbjrcnxxitzzgeemh},description={test 916}}
@entry{test917,name={Jxnqxe},description={test 917}}
@entry{test918,name={B},description={test 918}}
@entry{test919,name={Akxoabnmaxjwgv},description={test 919}}
@entry{test920,name={lizojhexuxalmcpuz},description={test 920}}
@entry{test921,name={ktqifwjsfmgwy},description={test 921}}
@entry{test922,name={wizmxfnzovxhcognt},description={test 922}}
@entry{test923,name={Rdowrfmfevqeq},description={test 923}}
@entry{test924,name={dlqxpuiena},description={test 924}}
@entry{test925,name={soubm},description={test 925}}
@entry{test926,name={Czsvlnzpkctltlce},description={test 926}}
@entry{test927,name={Qhwjdhf},description={test 927}}
@entry{test928,name={wmxmigcxhpnvpprrw},description={test 928}}
@entry{test929,name={jbhltzrgzf},description={test 929}}
@entry{test930,name={Otsufjrcfsehy},description={test 930}}
@entry{test931,name={cbtiojrzypjxrvunuim},description={test 931}}
@entry{test932,name={bguxeqqsjody},description={test 932}}
@entry{test933,name={Dzvrfgkqmxbjkvbhmkg},description={test 933}}
@entry{test934,name={Tagatvsyxtbgtfuwnux},description={test 934}}
@entry{test935,name={Rhahiibkyh},description={test 935}}
@entry{test936,name={Anxztockj},description={test 936}}
@entry{test937,name={Bdighazgizhvgkhjd},description={test 937}}
@entry{test938,name={Zxrimdfexvxeverjyus},description={test 938}}
@entry{test939,name={Zagsi},description={test 939}}
@entry{test940,name={jnqsqrxcoork},description={test 940}}
@entry{test941,name={E},description={test 941}}
@entry{test942,name={enjvpptxajfyaxi},description={test 942}}
@entry{test943,name={ychwetvrokxavgvskbs},description={test 943}}
@entry{test944,name={acftgc},description={test 944}}
@entry{test945,name={Thalxhse},description={test 945}}
@entry{test946,name={Pvvhpbsywpozga},description={test 946}}
@entry{test947,name={Ywlxiivhku},description={test 947}}
@entry{test948,name={Jfveqxe},description={test 948}}
@entry{test949,name={txhlg},description={test 949}}
@entry{test950,name={Nitmrftmzbgnwbxg},description={test 950}}
@entry{test951,name={icuvbi},description={test 951}}
@entry{test952,name={Oizwbvvqqiipqcbvj},description={test 952}}
@entry{test953,name={Qqkbilrdvsxytoweq},description={test 953}}
@entry{test954,name={Dfpkudhq},description={test 954}}
@entry{test955,name={Xvbxaqibpiqgbex},description={test 955}}
@entry{test956,name={Nzbkkjjqifb},description={test 956}}
@entry{test957,name={Lwmbtyyvlsctdywlysx},description={test 957}}
@entry{test958,name={onf},description={test 958}}
@entry{test959,name={ptwhlisiltwhsqm},description={test 959}}
@entry{test960,name={Oqchvadmxlrrrji},description={test 960}}
@entry{test961,name={O},description={test 961}}
@entry{test962,name={Zwcqxth},description={test 962}}
@entry{test963,name={ougaggvorrpbhnqk},description={test 963}}
@entry{test964,name={kkcoomfgincbkoe},description={test 964}}
@entry{test965,name={fbwgmlkipgv},description={test 965}}
@entry{test966,name={hni},description={test 966}}
@entry{test967,name={Qfioinllwv},description={test 967}}
@entry{test968,name={xpanvlpzkdxb},description={test 968}}
@entry{test969,name={wwaflc},description={test 969}}
@entry{test970,name={Kljixmtygecnasgy},description={test 970}}
@entry{test971,name={tesuoaeklvelgeatuv},description={test 971}}
@entry{test972,name={Wqmkclhe},description={test 972}}
@entry{test973,name={Vmzeeyd},description={test 973}}
@entry{test974,name={Hgitpimphwwffy},description={test 974}}
@entry{test975,name={ru},description={test 975}}
@entry{test976,name={eqlswxkqzdr},description={test 976}}
@entry{test977,name={Tfaspuqqopgkdojru},description={test 977}}
@entry{test978,name={Ueuudtvvhlbxmo},description={test 978}}
@entry{test979,name={jqovtknhorcyrn},description={test 979}}
@entry{test980,name={Pdumm},description={test 980}}
@entry{test981,name={ivbxjvz},description={test 981}}
@entry{test982,name={tbtqhhewvtxxbqshvb},description={test 982}}
@entry{test983,name={izhghprppjzvgamd},description={test 983}}
@entry{test984,name={ypcyaovdpxcfpoq},description={test 984}}
@entry{test985,name={pqxeubbgcdwalwr},description={test 985}}
@entry{test986,name={Ihdoxfq},description={test 986}}
@entry{test987,name={jbdwxjp},description={test 987}}
@entry{test988,name={Cnwygolacylnslz},description={test 988}}
@entry{test989,name={gmsquuftz},description={test 989}}
@entry{test990,name={Klpwafnkrqwvhzdjum},description={test 990}}
@entry{test991,name={Meukwrrxmrbgxpuhhs},description={test 991}}
@entry{test992,name={qbvbbbzsuesaipo},description={test 992}}
@entry{test993,name={qrkjqunmb},description={test 993}}
@entry{test994,name={Ycywxituvvcxnjuizov},description={test 994}}
@entry{test995,name={Aekkbba},description={test 995}}
@entry{test996,name={ntrqsxkfrxamirrj},description={test 996}}
@entry{test997,name={Klnqovcm},description={test 997}}
@entry{test998,name={Naqcinbvi},description={test 998}}
@entry{test999,name={Fbhwg},description={test 999}}
@entry{test1000,name={Gsryzovcxtelmpkz},description={test 1000}}
