% Encoding: UTF-8

@index{wombat}
@index{duck}
@index{goose}
