% Encoding: UTF-8

@misc{glossaries,
  author = "Nicola Talbot",
  title  = "The \sty{glossaries} package",
  note = {\url{https://ctan.org/pkg/glossaries}},
  year = 2018
}

@misc{glossaries-extra,
  author = "Nicola Talbot",
  title  = "The \sty{glossaries-extra} package",
  note = {\url{https://ctan.org/pkg/glossaries-extra}},
  year = 2018
}

@misc{mfirstuc,
  author = "Nicola Talbot",
  title  = "The \sty{mfirstuc} package",
  note = {\url{https://ctan.org/pkg/mfirstuc}},
  year = 2017
}

@misc{textcase,
  author = "David Carlisle",
  title  = "The \sty{textcase} package",
  note = {\url{https://ctan.org/pkg/textcase}},
  year = 2004
}

@misc{tracklang,
  author = "Nicola Talbot",
  title  = "The \sty{tracklang} package",
  note = {\url{https://ctan.org/pkg/tracklang}},
  year = 2018
}

@misc{accsupp,
  author = "Heiko Oberdiek",
  title  = "The \sty{accsupp} package",
  note = {\url{https://ctan.org/pkg/accsupp}},
  year = 2018
}

@misc{tex.sx.2016,
  title={Is there a program for managing glossary tags?},
  note={\url{https://tex.stackexchange.com/questions/342544}},
  key={TeX on StackExchange},
  year=2016
}

@misc{tex.sx.2013,
  title={What controls the encoding of the {LaTeX} log file â€“ and how to change it?},
  note={\url{https://tex.stackexchange.com/questions/131238}},
  key={TeX on StackExchange},
  year=2013
}

@misc{texparser,
  author = "Nicola Talbot",
  title={\code{texparserlib}: {Java} code for parsing {(La)TeX} files},
  note={\url{https://github.com/nlct/texparser}},
  year=2017
}

@misc{collationkey,
  author={Oracle},
  title={Java {API}: \code{CollationKey} class},
  note={\url{http://docs.oracle.com/javase/8/docs/api/java/text/CollationKey.html}},
  year=2017
}

@misc{pattern,
  author={Oracle},
  title={Java {API}: \code{Pattern} class},
  note={\url{http://docs.oracle.com/javase/8/docs/api/java/util/regex/Pattern.html}},
  year=2017
}

@misc{rulebasedcollator,
  author={Oracle},
  title={Java {API}: \code{RuleBasedCollator} class},
  note={\url{http://docs.oracle.com/javase/8/docs/api/java/text/RuleBasedCollator.html}},
  year=2017
}

@misc{collator,
  author={Oracle},
  title={Java {API}: \code{Collator} class},
  note={\url{http://docs.oracle.com/javase/8/docs/api/java/text/Collator.html}},
  year=2017
}

@misc{decimalformat,
  author={Oracle},
  title={Java {API}: \code{DecimalFormat} class},
  note={\url{http://docs.oracle.com/javase/8/docs/api/java/text/DecimalFormat.html}},
  year=2017
}

@misc{simpledateformat,
  author={Oracle},
  title={Java {API}: \code{SimpleDateFormat} class},
  note={\url{http://docs.oracle.com/javase/8/docs/api/java/text/SimpleDateFormat.html}},
  year=2017
}

@misc{javacldr,
  author={Oracle},
  title={Adoption of Unicode CLDR Data and the java.locale.providers
System Property},
  note={\url{https://docs.oracle.com/javase/8/docs/technotes/guides/intl/enhancements.8.html#cldr}},
  year = 2018
}

@misc{javaoptions,
  author={Oracle},
  title = {The JAVA\_TOOL\_OPTIONS Environment Variable},
  note={\url{https://docs.oracle.com/javase/8/docs/technotes/guides/troubleshoot/envvars002.html}},
  year = 2018
}

@misc{gallery,
  author = {Nicola Talbot},
  title = {{Dickimaw Books} Gallery},
  note = {\url{https://www.dickimaw-books.com/gallery/}},
  year = 2019
}

@misc{glossarystylesgallery,
  author = {Nicola Talbot},
  title = {Gallery (All Styles Provided by \sty{glossaries})},
  note = {\url{https://www.dickimaw-books.com/gallery/glossaries-styles/}},
  year = 2019
}

@misc{buildglossaries,
  author = {Nicola Talbot},
  title = {Incorporating \idx{makeglossaries} or
  \idx{makeglossaries-lite} or \bibgls\ into the document build},
  note = {\url{https://www.dickimaw-books.com/latex/buildglossaries}},
  year = 2018
}

@inbook{iterationtips,
 author    = "Nicola L. C. Talbot",
 title     = "{\LaTeX} for Administrative Work",
 publisher = "Dickimaw Books",
 series    = "Dickimaw {\LaTeX} Series",
 chapter   = "2.7.5",
 volume    = 3,
 isbn      = "978-1-909440-07-4",
 address   = "Norfolk, UK",
 year      = 2015,
 note      = {\url{http://www.dickimaw-books.com/latex/admin/html/foreachtips.shtml}}
}

@misc{tugusergroups,
  author={{\TeX{} Users Group}},
  title={{\TeX}\ user groups around the world},
  note={\url{http://tug.org/usergroups.html}},
  year=2017
}

