% Encoding: UTF-8

% requires siunix.sty

@symbol{ampere,
  name={ampere},
  symbol={\si{\ampere}},
  description={electric current}
}

@symbol{kilogram,
  name={kilogram},
  symbol={\si{\kilogram}},
  description={mass}
}

@symbol{metre,
  name={metre},
  symbol={\si{\metre}},
  description={length}
}

@symbol{second,
  name={second},
  symbol={\si{\second}},
  description={time}
}

@symbol{kelvin,
  name={kelvin},
  symbol={\si{\kelvin}},
  description={thermodynamic temperature}
}

@symbol{mole,
  name={mole},
  symbol={\si{\mole}},
  description={amount of substance}
}

@symbol{candela,
  name={candela},
  symbol={\si{\candela}},
  description={luminous intensity}
}
