% This file is public domain. See the "Examples" chapter
% in the bib2gls user manual for a more detailed description
% of this file.

% Encoding: UTF-8

% requires mhchem.sty

@entry{H2O,
  name={\ce{H2O}},
  description={water},
  identifier={chemical}
}

@entry{Al2SO43,
  name={\ce{Al2(SO4)3}},
  description={aluminium sulfate},
  identifier={chemical}
}

@entry{CH3CH2OH,
  name={\ce{CH3CH2OH}},
  description={ethanol},
  identifier={chemical}
}

@entry{C6H12O6,
  name={\ce{C6H12O6}},
  description={glucose},
  identifier={chemical}
}

@entry{CH2O,
  name={\ce{CH2O}},
  description={formaldehyde},
  identifier={chemical}
}

@entry{H3O+,
  name={\ce{H3O+}},
  description={hydronium},
  identifier={chemical}
}

@entry{SO42-,
  name={\ce{SO4^{2-}}},
  description={sulfate},
  identifier={chemical}
}

@entry{O2,
  name={\ce{O2}},
  description={dioxygen},
  identifier={chemical}
}

@entry{O,
  name={\ce{O}},
  description={oxygen},
  identifier={chemical}
}

@entry{OF2,
  name={\ce{OF2}},
  description={oxygen difluoride},
  identifier={chemical}
}

@entry{O2F2,
  name={\ce{O2F2}},
  description={dioxygen difluoride},
  identifier={chemical}
}

@entry{OH-,
  name={\ce{OH-}},
  description={hydroxide ion},
  identifier={chemical}
}

@entry{AlF3,
  name={\ce{AlF3}},
  description={aluminium trifluoride},
  identifier={chemical}
}

@entry{Al2CoO4,
  name={\ce{Al2CoO4}},
  description={cobalt blue},
  identifier={chemical}
}

@entry{As4S4,
  name={\ce{As4S4}},
  description={tetraarsenic tetrasulfide},
  identifier={chemical}
}

@entry{C5H4NCOOH,
  name={\ce{C5H4NCOOH}},
  description={niacin},
  identifier={chemical}
}

@entry{C10H10O4,
  name={\ce{C10H10O4}},
  description={ferulic acid},
  identifier={chemical}
}

@entry{C8H10N4O2,
  name={\ce{C8H10N4O2}},
  description={caffeine},
  identifier={chemical}
}

@entry{SO2,
  name={\ce{SO2}},
  description={sulfur dioxide},
  identifier={chemical}
}

@entry{S2O72-,
  name={\ce{S2O7^{2-}}},
  description={disulfate ion},
  identifier={chemical}
}

@entry{SbBr3,
  name={\ce{SbBr3}},
  description={antimony(III) bromide},
  identifier={chemical}
}

@entry{Sc2O3,
  name={\ce{Sc2O3}},
  description={scandium oxide},
  identifier={chemical}
}

@entry{Zr3PO44,
  name={\ce{Zr3(PO4)4}},
  description={zirconium phosphate},
  identifier={chemical}
}

@entry{ZnF2,
  name={\ce{ZnF2}},
  description={zinc fluoride},
  identifier={chemical}
}

