% This file is public domain. See the "Examples" chapter
% in the bib2gls user manual for a more detailed description
% of this file.

% Encoding: UTF-8

@entry{film.thebigsleep,
  name={\sortart{The}{Big Sleep}},
  description={a film based on the novel \gls{ext1.thebigsleep}},
  cast={Humphrey Bogart and Lauren Bacall},
  identifier={film},
  year={1946},
  director={\sortmediacreator{Howard}{Hawks}}
}

@entry{film.thelonggoodbye,
  name={\sortart{The}{Long Goodbye}},
  description={a film based on the novel 
   \gls{ext1.thelonggoodbye}},
  cast={Elliott Gould and Nina van Pallandt},
  identifier={film},
  year={1973},
  director={\sortmediacreator{Robert}{Altman}}
}

@entry{film.murderontheorientexpress,
  name={Murder on the Orient Express},
  description={a film based on the novel 
   \gls{ext1.murderontheorientexpress}},
  cast={Albert Finney and Lauren Bacall and Ingrid Bergman},
  identifier={film},
  director={\sortmediacreator{Sidney}{Lumet}},
  year={1974}
}

@entry{film.whydidnttheyaskevans,
  name={Why Didn't They Ask Evans?},
  description={a film based on the novel 
   \gls{ext1.whydidnttheyaskevans}\nopostdesc},
  cast={Francesca Annis and John Gielgud and Bernard Miles},
  identifier={film},
  director={\sortmediacreator{John}{Davies}},
  year={1980}
}

@entry{film.icecoldinalex,
  name={Ice Cold in Alex},
  description={a film based on the novel 
   \gls{ext1.icecoldinalex}},
  cast={John Mills and Anthony Quayle and Sylvia Sims},
  identifier={film},
  year={1958},
  director={\sortmediacreator{J. Lee}{Thompson}}
}

@entry{film.anunexpectedjourney,
  name={\sortart{The}{Hobbit}: 
   \sortart{An}{Unexpected Journey}},
  description={a film based on the novel \gls{ext1.thehobbit}},
  cast={Martin Freeman and Ian McKellen and Richard Armitage},
  identifier={film},
  year={2012},
  director={\sortmediacreator{Peter}{Jackson}}
}

@entry{film.desolationofsmaug,
  name={\sortart{The}{Hobbit}: 
   \sortart{The}{Desolation of Smaug}},
  description={a film based on the novel 
   \gls{ext1.thehobbit}},
  cast={Ian McKellen and Martin Freeman and Richard Armitage},
  identifier={film},
  year={2013},
  director={\sortmediacreator{Peter}{Jackson}}
}

@entry{film.thebattleoffivearmies,
  name={\sortart{The}{Hobbit}: 
   \sortart{The}{Battle of Five Armies}},
  description={a film based on the novel 
   \gls{ext1.thehobbit}},
  cast={Ian McKellen and Martin Freeman and Richard Armitage},
  identifier={film},
  year={2014},
  director={\sortmediacreator{Peter}{Jackson}}
}

@entry{film.thefellowshipofthering,
  name={\sortart{The}{Lord of the Rings}: 
   \sortart{The}{Fellowship of the Ring}},
  description={a film based on the novel 
   \gls{ext1.thelordoftherings}},
  cast={Elijah Wood and Ian McKellen and Orlando Bloom},
  identifier={film},
  year={2001},
  director={\sortmediacreator{Peter}{Jackson}}
}

@entry{film.thetwotowers,
  name={\sortart{The}{Lord of the Rings}: 
   \sortart{The}{Two Towers}},
  description={a film based on the novel 
   \gls{ext1.thelordoftherings}},
  cast={Elijah Wood and Ian McKellen and Viggo Mortensen},
  identifier={film},
  year={2002},
  director={\sortmediacreator{Peter}{Jackson}}
}

@entry{film.thereturnoftheking,
  name={\sortart{The}{Lord of the Rings}: 
   \sortart{The}{Return of the King}},
  description={a film based on the novel 
   \gls{ext1.thelordoftherings}},
  cast={Elijah Wood and Viggo Mortensen and Ian McKellen},
  identifier={film},
  year={2003},
  director={\sortmediacreator{Peter}{Jackson}}
}

@entry{film.thewizardofoz,
  name={\sortart{The}{Wizard of Oz}},
  description={a film based on the novel \gls{ext1.thewonderfulwizardofoz}},
  cast={Judy Garland},
  identifier={film},
  year={1939},
  director={\sortmediacreator{Victor}{Fleming}}
}

@entry{film.whiskygalore,
  name={Whisky Galore!},
  description={a film based on the novel \gls{ext1.whiskygalore}},
  cast={Basil Radford and Joan Greenwood},
  identifier={film},
  year={1949},
  director={\sortmediacreator{Alexander}{Mackendrick}}
}

@entry{film.whereeaglesdare,
  name={Where Eagles Dare},
  description={a film based on the novel \gls{ext1.whereeaglesdare}},
  cast={Richard Burton and Clint Eastwood and Mary Ure},
  identifier={film},
  year={1968},
  director={\sortmediacreator{Brian G.}{Hutton}}
}

@entry{film.icestationzebra,
  name={Ice Station Zebra},
  description={a film based on the novel \gls{ext1.icestationzebra}},
  cast={Rock Hudson and Ernest Borgnine},
  identifier={film},
  year={1968},
  director={\sortmediacreator{John}{Sturges}}
}

@entry{film.bladerunner,
  name={Blade Runner},
  description={a film loosely based on the novel 
   \gls{ext1.doandroidsdreamofelectricsheep}\nopostdesc},
  cast={Harrison Ford and Rutger Hauer and Sean Young},
  identifier={film},
  year={1982},
  director={\sortmediacreator{Ridley}{Scott}}
}

@entry{film.thetroublewithharry,
  name={\sortart{The}{Trouble with Harry}},
  description={a film based on the novel 
   \gls{ext1.thetroublewithharry}},
  cast={John Forsythe and Shirley MacLaine},
  identifier={film},
  year={1955},
  director={\sortmediacreator{Alfred}{Hitchcock}}
}

@entry{film.brightonrock,
  name={Brighton Rock},
  description={a film based on the novel \gls{ext1.brightonrock}},
  cast={Richard Attenborough and Hermione Baddeley and William Hartnell},
  identifier={film},
  year={1947},
  director={\sortmediacreator{John}{Boutling}}
}

