% This file is public domain. See the "Examples" chapter
% in the bib2gls user manual for a more detailed description
% of this file.

% Encoding: UTF-8

@symbol{leq,
  name={$\leq$},
  text={\leq},
  description={less than or equal to},
  identifier={relation}
}

@symbol{less,
  name={$<$},
  text={<},
  description={less than},
  identifier={relation}
}

@symbol{ll,
  name={$\ll$},
  text={\ll},
  description={much less than},
  identifier={relation}
}

@symbol{geq,
  name={$\geq$},
  text={\geq},
  description={greater than or equal to},
  identifier={relation}
}

@symbol{greater,
  name={$>$},
  text={>},
  description={greater than},
  identifier={relation}
}

@symbol{gg,
  name={$\gg$},
  text={\gg},
  description={much greater than},
  identifier={relation}
}

@symbol{equals,
  name={$=$},
  text={=},
  description={equals},
  identifier={relation}
}

@symbol{neq,
  name={$\neq$},
  text={\neq},
  description={not equals},
  identifier={relation}
}

@symbol{approx,
  name={$\approx$},
  text={\approx},
  description={approximately},
  identifier={relation}
}

@symbol{in,
  name={$\in$},
  text={\in},
  description={in},
  identifier={relation}
}

@symbol{ni,
  name={$\ni$},
  text={\ni},
  description={not in},
  identifier={relation}
}

