% This file is public domain. See the "Examples" chapter
% in the bib2gls user manual for a more detailed description
% of this file.

% Encoding: UTF-8

@entry{quartz,
  description={hard mineral consisting of silica},
  identifier={mineral}
}

@entry{corundum,
  description={crystalline form of aluminium oxide},
  identifier={mineral}
}

@entry{beryl,
  description={composed of beryllium aluminium cyclosilicate},
  identifier={mineral}
}

@entry{amethyst,
  description={purple variety of \gls{quartz}},
  identifier={mineral}
}

@entry{chalcedony,
  description={cryptocrystalline variety of \gls{quartz}},
  identifier={mineral}
}

@entry{citrine,
  description={yellow variety of \gls{quartz}},
  identifier={mineral}
}

@entry{aquamarine,
  description={light blue variety of \gls{beryl}},
  identifier={mineral}
}

@entry{aragonite,
  description={a crystal form of calcium carbonate},
  identifier={mineral}
}

@entry{calcite,
  description={a crystal form of calcium carbonate},
  identifier={mineral}
}

@entry{vaterite,
  description={a crystal form of calcium carbonate},
  identifier={mineral}
}

@entry{bakerite,
  description={a borosilicate mineral},
  identifier={mineral}
}

@entry{bilinite,
  name={b√≠linite},
  description={an iron sulfate mineral},
  identifier={mineral}
}

@entry{biotite,
  name={biotite},
  description={a common phyllosilicate mineral},
  identifier={mineral}
}

@entry{cobaltite,
  description={a sulfide mineral composed of cobalt, arsenic and 
  sulfur},
  identifier={mineral}
}

@entry{cyanotrichite,
  description={a hydrous copper aluminium sulfate mineral},
  identifier={mineral}
}

@index{lettsomite,
 alias={cyanotrichite},
  identifier={mineral}
}

@entry{diamond,
  description={a metastable allotrope of carbon},
  identifier={mineral}
}

