% This file is public domain. See the "Examples" chapter
% in the bib2gls user manual for a more detailed icondescription
% of this file.

% Encoding: UTF-8

% requires marvosym.sty and ifsym.sty

@symbol{forward,
  icon={\Forward},
  icondescription={play},
  identifier={mediacontrol}
}

@symbol{forwardtoindex,
  icon={\ForwardToIndex},
  icondescription={next track},
  identifier={mediacontrol}
}

@symbol{rewindtoindex,
  icon={\RewindToIndex},
  icondescription={back to start of track},
  identifier={mediacontrol}
}

@symbol{rewind,
  icon={\Rewind},
  icondescription={rewind},
  identifier={mediacontrol}
}

@symbol{bicycle,
  icon={\Bicycle},
  icondescription={bicycle route},
  identifier={information}
}

@symbol{coffeecup,
  icon={\Coffeecup},
  icondescription={caf\'e},
  identifier={information}
}

@symbol{info,
  icon={\Info},
  icondescription={information centre},
  identifier={information}
}

@symbol{gentsroom,
  icon={\Gentsroom},
  icondescription={Gents},
  identifier={information}
}

@symbol{ladiesroom,
  icon={\Ladiesroom},
  icondescription={Ladies},
  identifier={information}
}

@symbol{wheelchair,
  icon={\Wheelchair},
  icondescription={wheelchair access provided},
  identifier={information}
}

@symbol{football,
  icon={\Football},
  icondescription={football stadium},
  identifier={information}
}

@symbol{recycling,
  icon={\Recycling},
  icondescription={recycling centre},
  identifier={information}
}

@symbol{cloud,
  icon={\Cloud},
  icondescription={cloudy},
  identifier={weather}
}

@symbol{fog,
  icon={\Fog},
  icondescription={foggy},
  identifier={weather}
}

@symbol{thinfog,
  icon={\ThinFog},
  icondescription={misty},
  identifier={weather}
}

@symbol{hail,
  icon={\Hail},
  icondescription={hail},
  identifier={weather}
}

@symbol{sun,
  icon={\Sun},
  icondescription={sunny},
  identifier={weather}
}

@symbol{lightning,
  icon={\Lightning},
  icondescription={thunderstorm},
  identifier={weather}
}

@symbol{suncloud,
  icon={\SunCloud},
  icondescription={overcast},
  identifier={weather}
}

@symbol{raincloud,
  icon={\RainCloud},
  icondescription={rain},
  identifier={weather}
}

@symbol{weakraincloud,
  icon={\WeakRainCloud},
  icondescription={drizzle},
  identifier={weather}
}

@symbol{snowcloud,
  icon={\SnowCloud},
  icondescription={snow},
  identifier={weather}
}

