@preamble{"\providecommand{\sortop}[2]{#1 #2}"}
