% Encoding: UTF-8

@preamble{"\providecommand{\sortop}[2]{#2, #1}"}

@entry{caesar,
  name={\sortop{Gaius Julius}{Caesar}},
  first={Julius Caesar},
  text={Caesar},
  description={Roman politician and general},
  born={13 July 100 BC},
  died={15 March 44 BC}
}

@entry{wellington,
  name={\sortop{Arthur}{Wellesley}},
  first={Arthur Wellesley},
  text={Wellington},
  description={Anglo-Irish soldier and statesman},
  born={1 May 1769 AD},
  died={14 September 1852 AD},
  othername={1st Duke of Wellington}
}

@entry{bonaparte,
  name={\sortop{Napoleon}{Bonaparte}},
  first={Napoleon Bonaparte},
  text={Bonaparte},
  description={French military and political leader},
  born={15 July 1769 AD},
  died={5 May 1821 AD}
}

@entry{alexander,
  name={Alexander III of Macedon},
  first={Alexander the Great},
  text={Alexander},
  description={Ancient Greek king of Macedon},
  born={20 July 356 BC},
  died={10 June 323 BC},
  othername={Alexander the Great}
}

@entry{redbaron,
  name={\sortop{von Richthofen}{Manfred}},
  first={Manfred von Richthofen},
  text={von Richthofen},
  description={Prussian ace fighter pilot in the German Air Force 
    during World War~I},
  born={2 May 1892 AD},
  died={21 April 1918 AD},
  othername={The Red Baron}
}
