% This file is public domain. See the "Examples" chapter
% in the bib2gls user manual for a more detailed description
% of this file.

% Encoding: UTF-8

@index{mineral}
@index{vegetable}
@index{animal}
@index{film}
@index{book}
@index{bacteria}
@index{person,
  plural={people}
}
@index{markuplanguage,
  name={markup language}
}
