% This file is public domain. See the "Examples" chapter
% in the bib2gls user manual for a more detailed description
% of this file.

% Encoding: UTF-8

@entry{cabbage,
  description={vegetable with thick green or purple leaves},
  identifier={vegetable}
}

@entry{brussels-sprouts,
  name={Brussels sprout},
  description={small leafy green vegetable buds},
  identifier={vegetable}
}

@entry{artichoke,
  description={a variety of thistle cultivated as food},
  identifier={vegetable}
}

@entry{cauliflower,
  description={type of cabbage with edible white flower head},
  identifier={vegetable}
}

@entry{spinach,
  description={green, leafy vegetable},
  identifier={vegetable}
}

@entry{courgette,
  description={immature fruit of a vegetable marrow},
  identifier={vegetable}
}

@index{zucchini,
  alias={courgette},
  identifier={vegetable}
}
