@entry{pi,
name={\ensuremath{\pi}},
description={the ratio of the length of the circumference
of a circle to its diameter},
user1={3.14159}
}

@entry{eulercons,
name={\ensuremath{\gamma}},
description={Euler's constant},
user1={0.57721}
}

@entry{root2,
name={\ensuremath{\surd2}},
description={Pythagoras' constant},
user1={1.41421}
}

